3140 5004
366 639 503 705 naturale
526 639 662 725 profecto
686 646 750 717 est,
774 646 805 705 et
828 661 917 704 nemo
941 637 1133 703 contradicit.
1179 636 1270 700 Nihil
1294 635 1407 722 quippe

363 739 399 804 in
433 747 543 806 natura
569 740 617 806 vel
639 740 674 807 in
697 740 763 819 his,
794 763 871 825 qnae
894 745 968 806 sunt
989 739 1159 805 secundum
1180 744 1339 819 naturam,
1362 744 1410 802 est

364 842 491 907 omnino
513 841 709 907 contrarium.

408 942 514 1009 Timor
548 966 619 1030 ergo
653 951 700 1008 est
722 942 858 1030 opinari,
883 943 966 1030 quod
988 941 1022 1006 in
1045 942 1110 1026 ejus
1132 941 1253 1026 proprie
1276 964 1340 1008 non
1361 951 1409 1008 cst

364 1043 565 1109 sermonibus·
578 1044 745 1130 scriptum,
769 1051 802 1110 et
822 1043 925 1109 moliri
947 1043 1131 1108 adversarios
1152 1042 1292 1128 propriae
1311 1044 1410 1134 opini-

364 1145 432 1211 onis
453 1152 609 1230 tamquam
632 1168 696 1211 uon
718 1145 816 1212 bonae
838 1146 877 1210 ad
899 1144 1104 1209 velamentum
1128 1143 1214 1208 illius
1233 1143 1410 1212 viriliteras

364 1246 556 1313 iaciendum:
580 1248 749 1313 secundum
771 1254 937 1330 utrumque
959 1245 1014 1310 has
1036 1251 1155 1330 praeter
1176 1244 1262 1314 illius
1280 1245 1412 1312 intenti·

363 1370 452 1414 onem
487 1347 565 1413 falso
594 1348 768 1414 referentes.
813 1348 1006 1415 Advocatum
1029 1345 1142 1430 quippe
1164 1345 1257 1410 habet
1278 1346 1409 1413 rationis

363 1471 550 1528 sermonem,
576 1472 698 1515 omnem
718 1447 945 1514 calumniatoris
967 1447 1139 1533 abigentem
1161 1446 1329 1514 incursum.
1365 1449 1409 1513 Et

362 1573 418 1636 ego
452 1550 577 1635 quidam
610 1551 655 1616 sic
688 1574 719 1617 sa
754 1551 841 1616 illius
875 1549 985 1615 habere
1018 1570 1140 1613 sensum
1175 1547 1336 1629 existimo,
1366 1550 1406 1618 ab

362 1652 449 1717 omni
472 1651 645 1740 suspicione
667 1659 842 1739 purgatum.

405 1753 572 1818 Certiorem
595 1760 697 1819 autem
720 1754 798 1818 milri
816 1753 900 1818 hunc
922 1751 1132 1817 sanctissimus
1155 1751 1407 1840 lecitpresbytcr,

361 1853 505 1920 dominus
528 1854 672 1920 videlicet
694 1855 876 1920 Anastasius
898 1853 1008 1932 abbas,
1031 1877 1049 1918 a
1071 1853 1183 1918 seniori
1204 1853 1302 1920 Roma
1312 1877 1409 1921 raver-

361 1977 430 2034 sus,
475 1955 523 2020 vir
570 1955 687 2021 scilicet
732 1954 998 2042 incomparabilis,
1032 1954 1207 2038 virtuteque
1240 1953 1346 2020 divina
1375 1964 1409 2022 et

360 2056 525 2143 prudentia
558 2064 737 2123 venustatus
744 2083 754 2135 3
782 2057 837 2142 qui
859 2077 1010 2134 asserens,
1035 2057 1118 2139 quod
1141 2055 1275 2120 multum
1296 2079 1410 2124 sermo·

360 2180 431 2224 nem
453 2157 581 2224 moverit
603 2160 643 2223 ad
665 2159 882 2223 sacratissimos
905 2179 1032 2243 magnae
1049 2156 1135 2222 illius
1151 2156 1303 2222 Ecclesiae
1314 2157 1405 2236 viros,

360 2265 484 2345 propter
506 2259 683 2345 epistolam,
708 2282 785 2344 quae
808 2258 846 2324 ab
870 2281 905 2324 eo
927 2259 1027 2324 fuerat
1050 2259 1089 2322 ad
1112 2256 1251 2343 Sergium
1274 2258 1405 2344 scripta,

359 2367 542 2446 percontans
576 2361 662 2446 cujus
697 2362 741 2426 rei
775 2361 873 2447 gratia
905 2359 954 2425 vel
991 2359 1124 2443 qualiter
1157 2359 1192 2422 in
1226 2382 1261 2424 ea
1290 2359 1406 2428 inserta

360 2460 453 2526 luerit
486 2484 549 2527 una
581 2462 741 2541 voluntas,
776 2468 807 2527 et
839 2460 959 2527 invenit
992 2459 1176 2525 haesitantes
1209 2459 1244 2523 in
1281 2461 1340 2527 hoc
1373 2469 1405 2527 et

360 2561 510 2628 rationem
533 2564 707 2628 reddentes.
752 2563 882 2649 Insuper
906 2568 1042 2639 etcum,
1067 2560 1122 2644 qui
1143 2560 1223 2625 hanc
1244 2583 1299 2646 per
1318 2561 1409 2647 jussi·

361 2684 449 2728 onem
473 2663 538 2746 ejus
559 2663 682 2729 Latinis
705 2663 865 2728 dictaverit
887 2660 1095 2740 dictionibus,
1119 2660 1279 2730 dominum
1301 2662 1406 2731 videli-

360 2770 409 2828 cct
431 2763 571 2829 abbatem
581 2766 733 2830 loannem
745 2763 971 2830 sanctissimum
983 2784 1176 2848 symponum,
1192 2763 1403 2844 affirmantem,

360 2865 444 2948 quod
477 2864 566 2929 nullo
600 2867 690 2930 modo
714 2865 900 2931 mentionem
922 2864 957 2928 in
980 2887 1016 2929 ea
1037 2886 1091 2950 per
1113 2885 1275 2928 numerum
1296 2865 1403 2932 fecerit

359 2964 453 3030 unius
476 2965 661 3031 omnimodis
682 2966 867 3031 voluntatis:
889 2965 963 3030 licet
984 2965 1043 3029 hoc
1064 2987 1149 3029 nunc
1171 2965 1211 3028 sit
1232 2966 1339 3032 fictum
1366 2965 1403 3031 ab

359 3065 410 3130 his
417 3115 427 3145 ,
451 3066 506 3150 qui
528 3067 607 3132 hanc
629 3067 664 3132 in
687 3068 832 3132 Graecam
854 3089 959 3131 vocem
980 3065 1174 3151 interpretati
1197 3073 1405 3136 sunt:verum

361 3189 418 3232 nec
459 3168 628 3252 quamlibet
666 3169 908 3234 exinanitionem
941 3166 990 3231 vel
1023 3165 1222 3232 abolitionem
1256 3169 1406 3234 naturalis

362 3267 529 3333 secundum
553 3268 777 3334 humanitatem
796 3267 960 3333 Salvatoris
970 3267 1155 3345 voluntatis,
1169 3268 1222 3333 scd
1233 3269 1315 3353 ejus,
1327 3291 1406 3356 quae

361 3374 466 3432 nostra
499 3375 545 3434 est
577 3376 608 3434 et
641 3369 768 3454 reproba
802 3369 909 3447 facta,v
931 3369 1094 3454 perlectam
1136 3369 1335 3454 dejectionem
1375 3377 1406 3437 et

304 3477 306 3482 '
361 3468 646 3554 interemptionem:
679 3470 768 3554 juxta
802 3471 884 3553 quod
919 3476 950 3534 et
971 3469 1005 3534 in
1027 3468 1158 3534 invicem
1180 3493 1303 3549 eorum,
1328 3493 1406 3554 quae

363 3569 455 3662 unius
466 3569 585 3655 generis
597 3576 681 3648 sunt,
693 3570 825 3634 efficitur
835 3569 961 3647 bellum3
975 3571 1133 3636 ostendere
1143 3570 1257 3654 volens,
1274 3569 1311 3638 ab
1320 3572 1406 3636 omni

362 3693 427 3736 esse
449 3677 572 3756 peccato
595 3673 742 3736 mundam
765 3678 962 3757 assumptam·
977 3692 1111 3748 carnem,
1132 3672 1299 3737 secundum
1311 3693 1407 3738 sacra·

361 3771 551 3836 tissimorum
573 3771 766 3856 eloquiorum
788 3779 820 3837 et
841 3778 1036 3858 paternarum
1058 3771 1267 3836 doctrinarum
1285 3772 1407 3838 uomu-

363 3895 461 3938 onem.
485 3872 527 3937 Et
549 3880 673 3959 apparet
695 3872 827 3956 qualiter
849 3872 1026 3958 hujusmodi
1044 3894 1196 3949 sermones
1208 3873 1405 3944 concinentes

363 3974 427 4038 sint
449 3996 519 4037 cum
541 3974 608 4053 his,
632 3997 709 4058 quae
732 3957 822 4040 modo
845 3981 919 4040 sunt
942 3974 980 4040 ab
1003 3973 1170 4060 exiguitate
1189 3975 1404 4054 mearacitata,

363 4081 395 4141 et
417 4073 514 4140 veluti
536 4075 771 4161 adstipulatores
793 4076 890 4141 factae
911 4098 967 4161 pro
991 4075 1130 4140 Honorio
1153 4075 1350 4142 defensionis.

408 4175 491 4265 Ego,
527 4199 596 4241 cum
616 4177 691 4244 haec
712 4176 768 4243 ille
790 4177 1000 4243 ratiocinando
1022 4176 1244 4262 respondisset,
1275 4177 1406 4243 miratus
