3092 5000
616 489 662 562 67

114 666 372 739 adstruendum
423 666 667 737 invocaverat?
732 667 855 737 Nonne
908 678 999 739 certo
1035 646 1164 738 ¹certius

113 790 319 884 praevidere
357 788 531 859 debebant
557 786 860 879 ConciliiPatres,
888 789 1035 862 eundem
1064 788 1161 859 illum
1249 833 1268 862 l

111 912 290 1001 Paulum,
317 924 356 982 nt
381 935 501 982 earum
526 933 604 981 cuin
632 910 795 982 damnato
833 911 929 1007 Typo
971 911 1164 983 ostenderet
1241 989 1246 999 ,

115 1034 414 1122 convenientiam,
443 1031 577 1103 easdem
619 1031 732 1102 literas
773 1029 889 1104 denuo
914 1057 986 1105 esse
1011 1033 1166 1127 prolatu-

115 1157 225 1225 rum?
273 1154 314 1225 Et
350 1155 442 1224 hisce
480 1154 659 1248 praevisis,
692 1166 808 1225 tamen
833 1154 1030 1226 siluissent?
1080 1155 1163 1242 Quis

116 1290 191 1366 est,
219 1278 278 1371 qui
300 1288 397 1347 tanto
422 1275 758 1368 sapientissimorum,
780 1277 927 1347 virorum
952 1279 1063 1348 coetui
1087 1289 1166 1346 tan-

69 1381 73 1390 ’
119 1409 191 1494 tam
221 1397 414 1469 adscribere
438 1397 564 1468 audeat
590 1395 823 1468 dementiam!

170 1519 207 1590 S.
225 1521 413 1591 Martinam
425 1523 568 1614 ejusque
582 1519 772 1592 Concilium
787 1523 906 1592 nonin
919 1545 958 1592 ea
975 1521 1076 1593 fuisse
1089 1545 1169 1592 sen·

117 1645 247 1733 tentia,
282 1656 322 1714 ut
346 1641 548 1724 damnatum
575 1642 711 1736 Typum
728 1644 819 1713 inter
831 1655 865 1713 et
878 1643 1018 1715 Honorii
1038 1646 1165 1738 episto·

116 1765 171 1836 las
195 1765 302 1837 ullam
341 1765 561 1834 admitterent
592 1763 871 1856 similitudinem,
917 1789 1041 1862 easque
1066 1767 1168 1858 igitur

116 1887 234 1958 literas
270 1900 354 1958 tunc
387 1887 550 1980 temporis
575 1910 647 1956 non
671 1886 755 1957 tales
779 1886 901 1977 fuisse,
929 1887 1048 1983 quales
1073 1911 1169 1958 nunc

91 2008 442 2097 circumferuntur,
470 2031 512 2078 ex
538 2006 635 2077 dictis
659 2009 737 2078 satis
760 2021 915 2102 constare
940 2023 1038 2104 puto.

171 2131 284 2224 Objici
311 2143 425 2200 tamen
450 2127 564 2198 adhuc
589 2141 721 2222 potest,
748 2131 957 2221 ignorantiae
977 2131 1090 2202 forsan
1108 2130 1170 2202 ad-

120 2252 345 2326 scribendum
384 2275 456 2322 esse
495 2250 670 2321 silentium
706 2252 742 2322 S.
771 2252 925 2343 Martini,
954 2255 1083 2349 quippe
1108 2255 1168 2348 qui

121 2375 281 2448 Pontifex
306 2376 447 2447 Honorii
473 2372 587 2444 literas
612 2397 682 2443 non
707 2377 915 2466 cognoverit.
960 2376 1056 2463 Quae
1077 2377 1167 2446 enim

118 2502 236 2593 capite
270 2495 487 2592 praecedenti
512 2496 556 2566 de
574 2497 740 2592 episcopii
766 2497 1000 2570 Lateranensis
1025 2498 1183 2597 depraef

123 2621 264 2693 datione
290 2621 499 2714 conjecimus
524 2655 568 2666 -
592 2619 657 2689 hac
678 2644 805 2714 nempe
820 2623 856 2691 in
873 2621 1074 2715 spoliatione
1094 2634 1171 2692 tum

123 2744 233 2836 Sergii
267 2742 311 2812 ad
345 2742 560 2830 Honorium,
596 2754 669 2810 tum
697 2741 800 2834 hujus
826 2744 999 2815 Pontificis
1024 2745 1068 2814 ad
1093 2745 1172 2814 Ser-

121 2868 220 2959 gium
247 2866 393 2959 scripta,
421 2887 612 2958 eorumque
637 2865 853 2959 apographa,
882 2866 926 2935 ab
951 2866 1055 2938 Isacio
1079 2865 1171 2936 furto

123 2988 259 3059 sublata
297 2984 694 3080 Constantinopolimque
732 2983 777 3054 ad
800 2986 1043 3080 Imperatorem
1071 2989 1170 3066 missa

124 3109 242 3198 fuisse,
270 3133 338 3204 quo
364 3106 494 3178 facilius
520 3108 571 3176 vir
595 3109 669 3196 iste,
690 3107 783 3178 hisce
796 3107 947 3197 sublatis,
970 3109 1169 3180 Severinum

124 3235 256 3327 Papam
296 3229 340 3301 ad
381 3228 594 3324 probandam
634 3227 790 3300 Ecthesin
827 3229 1023 3319 induceret,
1053 3275 1095 3286 —-
1131 3254 1171 3301 ea

125 3378 188 3450 per
212 3351 354 3424 Concilii
378 3351 613 3422 Lateranensis
640 3364 713 3422 acta
741 3351 1003 3428 confirmantur.
1047 3353 1171 3447 Singu-

124 3476 239 3549 lorum
275 3498 424 3570 namque
456 3474 701 3546 haereticorum
738 3475 883 3568 scripta,
911 3499 931 3546 e
955 3476 1170 3547 lateranensi

125 3597 298 3669 tabulario
336 3595 489 3690 prolata,
519 3608 704 3690 antequam
729 3597 764 3665 in
790 3619 865 3668 reos
889 3601 1091 3682 sententiam
1118 3597 1171 3667 di-

126 3732 252 3808 ceret,
294 3718 457 3788 recitabat
493 3730 595 3812 atque
631 3719 779 3787 examini
818 3720 1019 3813 subjiciebat
1055 3731 1171 3790 sancta

127 3839 310 3938 Synodus3
352 3840 486 3931 Sergius
523 3863 602 3909 vero
644 3851 682 3910 ut
726 3841 848 3910 erroris
890 3845 1167 3930 convinceretur,

127 3969 202 4058 ejus
240 3960 381 4058 quidem
427 3960 470 4030 ad
518 3960 645 4057 Cyrum
675 3962 903 4056 ¹epistulam,
956 3990 1023 4059 qua
1068 3965 1170 4060 hujus

128 4085 288 4156 haeretici
313 4107 434 4156 novem
465 4084 616 4178 capitula
648 4085 919 4179 approbaverat,
960 4100 1167 4182 ceteraque,

129 4232 216 4302 quae
299 4230 360 4301 pro
422 4205 553 4277 Ecthesi
611 4201 849 4278 confirmanda
901 4213 1167 4305 conscripserat,
