3140 5004
644 511 688 582 ta

133 691 235 776 legem
257 711 312 775 per
334 688 436 753 omnia
458 686 662 774 dogmaticam
683 686 842 764 reducere,
867 687 955 770 quale
978 694 1024 752 est
1047 694 1078 753 et
1102 689 1184 772 quod

136 793 175 857 de
209 813 273 855 una
307 789 482 877 operatione
505 788 543 853 ab
566 788 610 855 eis
634 788 751 852 dictum
774 794 837 865 est3
862 826 905 838 -
930 811 1029 872 neque
1050 789 1183 868 iterum,

136 915 215 977 qnae
245 891 424 958 nullatenus
446 891 529 955 diota
551 896 625 955 sunt
647 912 665 954 a
686 888 896 975 probabilibus
918 889 1077 968 Patribus,
1101 913 1185 956 nune

136 1017 209 1060 vero
239 1017 257 1058 a
279 993 463 1078 quibusdam
485 991 699 1078 proferuntur,
724 993 800 1056 duas
821 991 950 1075 inquam
973 992 1183 1077 operationes,

136 1101 295 1180 tamquam
325 1096 436 1181 dogma
465 1093 703 1159 ecclesiasticum
725 1093 868 1179 proferre.
914 1093 956 1157 Et
976 1095 1015 1157 ad
1039 1093 1186 1158 ultimum

137 1197 227 1262 stetit
250 1220 285 1262 ao
307 1195 441 1282 placuit,
454 1202 605 1279 quatenus
617 1195 791 1281 praedictus
803 1195 993 1281 Sophronias
1004 1194 1186 1260 venerabilis

136 1298 263 1363 nullum
292 1298 462 1363 s'ermonem
484 1298 522 1361 de
545 1303 644 1361 cetero
667 1296 705 1361 de
727 1317 790 1360 una
813 1297 875 1362 sivo
898 1296 1016 1361 duabus
1039 1297 1187 1382 operatio·

137 1400 232 1465 nibus
257 1421 374 1464 movere
397 1397 522 1476 debeat,
546 1398 599 1463 sed
623 1397 652 1462 ei
675 1397 806 1462 sufficiat
827 1397 964 1483 praefata
986 1404 1135 1482 cautaque
1152 1419 1187 1462 ac

138 1501 215 1568 trita
238 1507 413 1564 sanctorum
436 1501 563 1563 Patrum
586 1505 669 1563 recta
690 1499 817 1564 traditio
838 1506 930 1583 atque
948 1501 1097 1565 doctrina.

183 1603 245 1667 His
278 1602 383 1685 itaque
418 1607 582 1666 contentus
609 1622 696 1685 saepo
719 1601 896 1665 nominatus
919 1601 1100 1667 venerabilis
1122 1600 1184 1679 vir,

139 1711 172 1770 et
195 1704 271 1768 haee
295 1702 448 1768 custodire
471 1703 658 1780 certificans,
678 1701 789 1788 petivit
811 1725 867 1767 nos
890 1703 984 1768 etiam
1006 1726 1059 1788 per
1078 1702 1188 1789 episto·

138 1805 202 1870 lam
236 1804 275 1869 de
308 1798 358 1868 hi's
388 1803 416 1868 ei
450 1803 592 1889 praebere
615 1825 811 1887 responsum,
835 1811 986 1887 quatenus
1009 1802 1187 1889 hujusmodi

140 1905 320 1992 epistolam,
354 1911 391 1969 ut
426 1904 486 1982 ait,
518 1904 658 1969 ostendat
682 1903 748 1981 his,
773 1903 827 1988 qui
850 1905 978 1970 forsitan
1000 1906 1188 1991 interrogare

141 2030 213 2072 eum
248 2009 286 2071 de
315 2005 470 2092 praedicta
493 2006 670 2089 quaestione
693 2004 865 2085 voluerint,
890 2008 972 2090 quod
995 2012 1026 2071 et
1049 2007 1188 2072 alacriter

138 2108 269 2194 egimus.
315 2107 357 2170 Et
382 2106 435 2172 ille
458 2106 583 2190 quidem
605 2106 640 2171 in
661 2105 711 2170 his
732 2106 807 2171 hino
829 2106 1009 2194 enavigavit.

183 2210 296 2294 Nuper
326 2215 431 2273 autem
464 2207 622 2292 piissimus
656 2214 687 2272 et
717 2208 824 2273 aDeo
854 2216 1015 2275 coronatus
1044 2208 1188 2274 dominus

139 2317 247 2376 noster
281 2311 363 2397 apud
397 2308 583 2374 Edessenam
605 2308 959 2388 demoranr.oivr'tatcm,
983 2311 1050 2396 pios
1072 2311 1111 2374 ad
1132 2331 1188 2375 nos

139 2411 241 2498 apices
276 2411 366 2489 fecit,
401 2409 638 2496 praecipientes,
662 2415 699 2473 ut
717 2417 844 2496 paterna
863 2410 918 2477 illa
940 2411 1118 2476 testimonia
1140 2412 1190 2476 de-

139 2513 335 2591 floraremus,
372 2535 449 2597 quas
482 2511 681 2576 continentur
713 2513 748 2576 in
781 2511 861 2576 libro
895 2513 1085 2598 dogmatico,
1110 2512 1189 2577 sicut

139 2616 260 2680 dictum
283 2620 345 2692 est,
369 2614 451 2678 facto
473 2635 492 2677 a
514 2620 635 2678 sanotae
658 2613 820 2678 memoriae
844 2613 961 2679 Menna
982 2615 1021 2678 ad
1038 2614 1190 2679 sanctissi-

140 2739 227 2781 mum
262 2715 416 2801 Vigilium
450 2716 488 2779 do
520 2737 583 2778 una
617 2715 791 2799 operatione
822 2722 853 2780 et
875 2739 938 2780 una
958 2716 1135 2794 voluntate,
1159 2721 1190 2780 et

140 2815 216 2882 haec
245 2838 263 2880 a
284 2817 351 2881 Deo
372 2817 543 2880 instructae
566 2816 631 2900 ejus
656 2816 814 2880 serenitati
838 2817 968 2903 dirigere
991 2817 1188 2882 deberemus:

140 2919 223 3002 quod
243 2925 274 2982 et
297 2919 336 2982 ad
358 2919 500 2982 effectum
522 2915 732 3003 perduximus.
755 2917 823 2981 Nos
845 2925 962 2996 autem,
984 2911 1190 3002 quaedudum

139 3027 224 3084 mota
247 3026 336 3097 sunt,
361 3018 505 3084 memoria
527 3018 712 3097 retinentes,
737 3026 768 3083 et
789 3019 969 3096 tumultum,
994 3020 1109 3104 quiex
1134 3019 1190 3086 hu·

136 3120 308 3205 juscemodi
329 3119 465 3184 motione
488 3119 606 3204 coepit,
631 3119 780 3197 seientes,
804 3121 1010 3206 suggessimus
1034 3121 1098 3204 ejus
1120 3120 1191 3206 piis·

139 3222 235 3286 simae
269 3221 427 3286 serenitati
450 3243 503 3306 per
525 3220 708 3285 mediocrem
731 3228 868 3285 nostram
891 3221 1133 3306 suggestionem,
1160 3228 1193 3285 et

140 3323 255 3408 scripta
287 3323 327 3386 ad
354 3321 645 3388 excellentissimum
672 3320 861 3386 sacellarium
879 3321 1068 3408 imperialem
1091 3345 1193 3388 conse·

140 3430 271 3508 quenter
293 3421 385 3508 hujus
409 3423 538 3509 capituli
564 3445 685 3488 omnem
697 3421 920 3500 subtilitatem,
933 3424 1102 3508 horumque
1115 3447 1193 3508 quae

140 3547 158 3590 a
191 3525 283 3590 nobis
318 3526 355 3589 de
391 3525 449 3589 hoc
483 3525 608 3588 actitata
632 3530 722 3601 sunt,
746 3530 777 3588 et
799 3526 882 3609 quod
905 3548 969 3590 non
992 3533 1130 3612 oporteat
1154 3527 1191 3592 de

141 3626 320 3711 hujusmodi
342 3625 545 3710 inquisitione
569 3625 769 3712 perscrutari,
790 3628 844 3691 sed
854 3649 1030 3711 permanere
1041 3629 1075 3692 in
1087 3628 1193 3692 attrita

142 3726 271 3792 Patrum
302 3728 457 3804 doctrina,
481 3750 572 3810 qnam
596 3750 701 3792 omnes
724 3734 926 3793 consonanter
948 3730 1132 3794 confitentur
1156 3730 1193 3795 de

140 3828 319 3914 hujusmodi
343 3827 538 3912 quaestione,
563 3835 594 3893 et
616 3829 754 3893 confiteri
778 3830 974 3916 unigenitum
998 3830 1113 3894 Filium
1124 3830 1194 3909 Dei,

141 3931 196 4014 qui
231 3930 377 3995 veraciter
409 3931 495 3995 Deus
522 3930 614 3994 simul
645 3937 676 3996 et
708 3930 800 3996 homo
824 3938 884 4009 est,
921 3933 1052 3996 eundem
1076 3933 1196 4017 operari

141 4031 246 4096 divina
271 4039 302 4096 et
324 4031 477 4108 hnmana,
501 4038 532 4096 et
555 4052 593 4096 ex
615 4053 651 4096 eo
674 4054 737 4096 nno
760 4033 928 4116 eodemque
950 4033 1109 4098 incarnato
1129 4034 1195 4099 Deo

139 4129 260 4211 Verbo,
285 4132 366 4197 sicut
389 4132 451 4217 jam
476 4155 581 4196 snmus
607 4133 707 4211 effati,
735 4133 979 4219 inseparabiliter
1004 4141 1096 4219 atque
1116 4135 1197 4200 indi·

142 4231 205 4298 vise
229 4253 351 4298 omnem
373 4233 511 4298 divinam
536 4241 629 4316 atque
662 4235 828 4299 humanam
863 4235 1069 4320 operationem
1097 4259 1198 4323 proce·
