3140 5004
861 429 907 502 18

401 605 468 673 Nos
501 608 583 672 enim
617 628 681 670 nou
714 629 807 670 unam
833 607 1037 692 operationem
1060 606 1107 670 vel
1130 607 1207 670 duas
1232 600 1412 668 Dominum

355 709 464 773 Jesum
488 708 662 785 Christum,
684 707 808 792 ejusque
831 708 978 772 Sanctum
1001 707 1166 792 Spiritum,
1192 705 1284 770 sacris
1306 701 1413 767 literis

355 809 553 895 percepimus,
563 810 616 872 sed
624 808 853 874 multiformiter
861 808 1057 894 cognovimus
1066 814 1234 892 operatum.
1247 805 1414 890 Scriptum

356 917 402 975 est
436 910 538 974 enim:
576 911 609 973 Si
643 911 708 995 qnis
744 911 885 990 minian
924 910 1033 973 Christi
1064 911 1248 985 nonhabet,
1272 907 1321 970 iia
1345 907 1415 989 eins

354 1033 413 1074 eron
434 1018 486 1075 est.
531 1010 573 1074 Et
595 1009 688 1074 alibi:
713 1012 806 1075 Nemo
813 1018 913 1093 potest
926 1011 1048 1087 dione,
1074 1011 1220 1074 Doninns
1230 1009 1333 1082 Jesns,
1347 1004 1416 1068 nisi

353 1113 386 1175 in
420 1113 536 1194 Spiritu
571 1115 687 1175 Sancto.
734 1111 903 1176 Dioisiones
938 1133 1005 1176 oeno
1025 1112 1194 1192 pontianam
1216 1117 1303 1184 sunt,
1328 1107 1413 1170 idem

353 1219 451 1276 antem
475 1213 624 1294 spiritns.-
646 1219 674 1276 et
685 1213 842 1276 divisiones
859 1212 1108 1276 ministrationum
1118 1219 1204 1288 seint,
1217 1211 1413 1273 intonantem

355 1314 517 1377 Dominus:
550 1321 579 1378 et
601 1313 758 1377 divisiones
780 1314 979 1396 operationum
1001 1321 1088 1391 snnt,
1111 1314 1189 1376 idern
1212 1333 1279 1376 oeno
1303 1309 1411 1382 Dens,

353 1414 404 1499 qni
433 1421 570 1496 operatur
594 1414 692 1478 ornnia
714 1414 747 1477 in
771 1415 911 1478 omnibns.
956 1414 988 1477 Si
1011 1415 1092 1478 enim
1115 1412 1282 1477 divisiones
1306 1430 1419 1494 opera.

352 1515 473 1578 tionum
499 1521 573 1580 sunt
596 1515 728 1592 multae,
751 1521 783 1578 et
806 1515 860 1578 has
884 1537 989 1579 omnes
1005 1516 1089 1579 Deus
1104 1515 1139 1579 in
1152 1511 1297 1579 membris
1311 1507 1413 1575 omni·

353 1613 410 1679 bus
447 1614 532 1698 pleni
568 1614 700 1699 corporis
735 1622 895 1699 operatur,
919 1623 1036 1698 quanto
1059 1615 1155 1700 magis
1178 1613 1272 1698 capiti
1299 1616 1413 1675 nostro

353 1715 476 1800 Christo
500 1717 635 1780 Domino
658 1716 733 1780 haec
754 1724 885 1800 possunt
908 1716 1083 1802 plenissime
1095 1715 1248 1801 coaptari,
1262 1720 1299 1776 ut
1312 1717 1411 1798 caput

354 1823 384 1881 et
408 1839 517 1902 corpus
540 1839 638 1881 unum
662 1817 702 1881 sit
724 1816 909 1901 perfectum,
934 1825 970 1881 ut
992 1817 1128 1902 profecto
1152 1821 1308 1892 occurrat,
1327 1813 1413 1876 sicut

356 1917 505 2001 scriptum
540 1924 603 1996 est,
637 1918 671 1980 in
703 1918 799 1982 vienn
827 1921 996 2004 perfectam
1003 1966 1013 1995 ,
1047 1919 1080 1982 in
1109 1940 1276 1982 maroneam
1299 1921 1349 1978 aet
1371 1912 1415 1976 tis

345 2018 547 2100 plenitudinis
574 2018 707 2082 carnit?
740 2019 771 2082 Si
793 2019 875 2083 enim
897 2018 930 2081 in
954 2019 1047 2095 aliis,⁴
1060 2019 1094 2081 id
1118 2024 1181 2095 cst,
1204 2018 1240 2080 in
1264 2012 1414 2079 memhris

354 2118 436 2196 suis,
460 2119 593 2204 Spiritus
615 2118 730 2182 Christi
742 2119 970 2183 multiformiter
989 2125 1147 2203 operatur,
1164 2119 1198 2181 in
1210 2117 1274 2200 quo
1284 2115 1410 2191 vivunt,

354 2203 516 2286 moventui
546 2226 578 2284 et
611 2226 708 2284 sunt:
733 2227 850 2302 quanto
873 2219 969 2303 magis
991 2241 1044 2303 per
1067 2219 1266 2303 semetipsum
1289 2215 1424 2280 Media--

353 2325 452 2382 torem
473 2319 532 2384 Dei
565 2326 595 2383 et
613 2319 773 2383 hominum
796 2319 885 2404 plene
907 2341 941 2382 ac
959 2319 1108 2403 perfecte,
1121 2318 1291 2401 multisque
1303 2315 1408 2379 modis

353 2424 385 2482 et
408 2418 613 2482 ineffabilibus
635 2418 773 2482 confiteri
795 2441 851 2482 nos
875 2419 1089 2484 communione
1102 2419 1410 2502 utriusquenaturae

353 2518 498 2582 condecet
522 2519 705 2602 operatum?

398 2617 439 2680 Et
461 2639 518 2681 nos
542 2619 665 2701 quidem
685 2619 853 2682 secundum
875 2618 1046 2688 sanctiones
1070 2620 1246 2684 divinorum
1271 2618 1413 2701 eloquio·

351 2739 422 2780 rum
454 2723 575 2801 oportet
609 2740 712 2802 sapere
745 2718 793 2782 vel
822 2719 950 2802 spirare,
974 2719 1029 2783 illa
1052 2720 1193 2785 videlicet
1216 2721 1412 2796 refutantes,

353 2838 430 2900 quae
466 2817 590 2900 quidem
613 2839 710 2881 novae
732 2841 818 2882 voces
842 2826 1011 2883 noscuntur
1041 2821 1154 2884 sanctis
1177 2821 1236 2885 Dei
1261 2819 1414 2884 Ecclesiis

352 2915 495 2980 scandala
528 2939 689 3001 generare,
723 2940 763 2981 ne
796 2919 915 3002 parvuli
951 2925 1005 2982 aut
1034 2921 1166 2984 duarum
1191 2921 1414 3006 operationum

351 3015 499 3080 vocabulo
530 3017 655 3094 offensi,
691 3023 841 3082 sectantes
863 3018 1063 3083 Nestorianos
1087 3043 1144 3084 nos
1166 3044 1279 3086 vesana
1303 3043 1415 3106 sapere

353 3116 557 3194 arbitrentu13
579 3125 633 3181 aut
656 3125 753 3194 certe,
774 3118 799 3180 si
822 3140 927 3181 rursus
951 3141 1044 3182 unam
1058 3122 1267 3204 operationem
1278 3123 1415 3186 Domini

353 3217 452 3280 nostri
485 3217 561 3279 Jesu
595 3217 709 3280 Christi
738 3217 897 3280 fatendam
927 3240 991 3282 esse
1026 3222 1252 3298 censuerimus,
1278 3222 1416 3286 stultam

352 3314 655 3398 Eutychianistarum
686 3316 825 3379 attonitis
849 3317 973 3381 auribus
996 3319 1183 3392 dementiam
1206 3322 1298 3385 fateri
1322 3331 1417 3407 pute·

353 3435 440 3490 mur;
463 3421 690 3498 praecaventes,
715 3436 753 3479 ne
777 3437 907 3498 quorum
928 3416 1031 3480 inania
1053 3441 1136 3483 arma
1148 3421 1312 3486 combusta
1323 3430 1418 3502 sunt,

354 3536 459 3578 eorum
486 3515 600 3578 cineres
622 3514 770 3579 redivivos
791 3516 878 3598 ignes
901 3517 1171 3584 flammivomarum
1197 3523 1302 3587 denuo
1323 3546 1418 3588 reno·

354 3620 428 3676 vent
456 3614 688 3697 quaestionum
721 3614 898 3699 simpliciter
931 3623 1022 3699 atque
1056 3621 1202 3684 veraciter
1226 3625 1419 3689 confitentes

355 3713 524 3776 Dominum
546 3715 652 3778 Jesum
675 3713 832 3776 Christum
858 3736 954 3777 unum
971 3725 1160 3799 operatorem
1172 3723 1296 3787 divinae
1318 3729 1420 3808 atque

354 3813 506 3877 humanae
529 3820 657 3879 naturae
664 3839 673 3890 3
699 3813 825 3878 electius
846 3813 1043 3893 arbitrantes,
1069 3827 1105 3882 ut
1127 3822 1198 3885 vani
1225 3829 1418 3889 naturarum

354 3913 590 3995 ponderatores,
626 3913 723 3976 ociose
758 3913 948 3995 negotiantes
979 3920 1009 3977 ct
1042 3919 1159 4002 turgidi
1182 3923 1332 3988 adversus
1356 3947 1420 3990 nos

352 4011 498 4076 insonent
526 4012 650 4076 vocibus
674 4033 815 4074 ranarum
845 4011 1033 4096 philosophi,
1058 4038 1152 4101 quam
1188 4028 1225 4086 ut
1255 4023 1421 4109 simplices

352 4117 383 4172 et
405 4109 536 4174 humiles
559 4110 668 4194 spiritu
692 4110 798 4193 populi
813 4109 977 4174 Christiani
997 4117 1116 4197 possint
1131 4141 1290 4188 remancre
1301 4124 1420 4207 jejuni.
