3092 5000
363 669 426 725 »ut
443 655 559 747 Sergio
584 656 851 728 concordantem
865 669 899 727 et
916 669 1185 744 consonantem.
1204 680 1248 727 ne
1266 655 1415 726 verbum

362 777 527 873 »quidem
552 778 699 874 protulit
729 780 921 870 Martinus,
943 792 1004 850 aut
1021 780 1132 874 quivis
1160 778 1247 850 alins
1271 778 1418 874 Episco-

362 923 530 994 »porum,
555 903 590 971 in
618 901 852 974 defensionem
878 902 1036 974 Honorii.
1088 901 1189 989 Quod
1205 911 1415 994 argumento

362 1036 455 1113 nest.
483 1023 569 1094 nihil
594 1026 674 1120 ipsis
705 1027 905 1116 occurrisse,
933 1049 1003 1121 quo
1029 1023 1142 1096 labem
1175 1027 1413 1096 consensionis

363 1168 468 1215 »eum
494 1146 629 1241 Sergio,
663 1148 783 1218 saltem
822 1151 857 1219 in
891 1148 1133 1245 suppressione
1160 1147 1410 1220 vocabulorum

362 1270 489 1339 »unius
521 1269 574 1340 vel
620 1270 770 1341 duarum
803 1272 1063 1366 operationum
1106 1283 1141 1341 et
1170 1269 1291 1342 similis
1318 1293 1414 1366 pene

361 1393 420 1460 nin
448 1393 610 1465 omnibns
627 1417 708 1463 cum
741 1395 815 1488 ipso
849 1393 1014 1490 loquendi
1049 1393 1139 1465 modi
1175 1394 1220 1464 ab
1251 1393 1412 1464 Honorio

362 1513 622 1609 „depellerent”
657 1517 695 1604 ¹).

410 1638 536 1709 Verum
575 1641 727 1732 speciosa
770 1640 832 1710 ista
873 1640 1042 1734 objectio,
1079 1663 1168 1734 quae
1194 1665 1265 1711 non
1293 1641 1412 1712 minus

360 1759 601 1854 epistolarum,
625 1785 711 1857 quas
735 1763 938 1856 conscripsit
964 1761 1149 1850 Honorius.
1181 1775 1299 1858 quam·
1314 1775 1411 1832 acto-

361 1906 442 1952 rum
483 1896 597 1954 sextae
634 1884 762 1979 Synodi
807 1884 976 1956 adversaii
1010 1884 1147 1956 videtur
1172 1887 1409 1980 corruptioni7

361 2004 455 2074 haud
498 2004 605 2076 multo
645 2006 763 2079 labore
791 2008 973 2079 refellitur.
1025 2009 1141 2079 Primo
1167 2009 1260 2079 enim
1298 2032 1409 2100 negoa

360 2141 420 2200 aut
462 2127 590 2224 Cyrum
636 2133 868 2224 suspicionem
910 2133 1089 2223 ingessisse
1119 2131 1166 2202 do
1196 2145 1354 2227 suscepta
1392 2156 1410 2200 a

360 2250 519 2322 Severino
540 2252 633 2345 Papa
664 2253 813 2343 llcthesi„
844 2267 904 2324 aut
930 2255 966 2326 S.
996 2253 1184 2325 Martinum
1212 2255 1277 2324 hac
1295 2277 1411 2348 suspi-

360 2376 458 2446 cione
498 2374 711 2446 decessorem
764 2401 865 2448 suum
917 2401 1092 2472 purgasse.
1159 2377 1244 2447 Nam
1293 2377 1412 2448 Patres

362 2496 621 2590 Lateranenses‚
657 2513 695 2570 ut
718 2504 846 2594 justam
879 2502 915 2570 in
941 2500 1129 2572 haereticos
1155 2501 1311 2572 dicerent
1329 2523 1409 2570 sen·

361 2623 529 2711 tentiam.
556 2625 616 2693 eos'
639 2647 709 2694 non
740 2624 1079 2713 condemnaverunt,
1107 2625 1169 2695 nisi
1190 2648 1254 2720 per
1272 2622 1412 2719 propria

360 2755 433 2832 acta
450 2745 644 2838 scriptaque
661 2747 846 2817 convictos.
879 2746 1023 2817 Prolatis
1037 2747 1153 2841 itaque
1167 2749 1202 2816 in
1220 2746 1413 2818 Secretario

361 2864 403 2934 lll
432 2866 486 2956 iis,
517 2889 607 2961 quae
639 2869 675 2936 in
702 2869 845 2959 gratiam
863 2868 1044 2938 Ectheseos
1062 2870 1132 2939 sive
1149 2881 1324 2961 gesserant
1341 2870 1413 2940 sive

360 2990 567 3083 scripserant
578 2988 716 3080 Sergius
728 3002 763 3060 et
774 2989 940 3084 Pyrrhus,
957 2990 1409 3086 CyriquoqueadSergium

359 3110 446 3182 lecta
475 3124 526 3182 cst
560 3110 724 3205 epistola,
752 3136 821 3206 qua
854 3114 1000 3182 summis
1024 3111 1189 3186 laudibus
1218 3113 1409 3186 extollebat

360 3230 540 3321 Ecthcsiu,
569 3231 736 3327 »quam'’⁷
768 3235 895 3327 agebat,
924 3234 1050 3306 »debet
1070 3235 1221 3329 profiteri
1244 3259 1408 3308 commu-

360 3357 439 3426 »uis
463 3355 568 3426 nater
582 3367 699 3425 noster
710 3355 891 3426 Severinus
904 3359 1138 3428 sanctissimus
1157 3358 1230 3428 Deo
1245 3363 1409 3453 juvante,

362 3478 453 3572 »qui
473 3476 653 3547 ordinatur
681 3478 717 3546 in
735 3477 892 3567 Roma⁷'3
919 3480 1047 3574 quibus
1071 3481 1193 3575 utiquc
1213 3481 1352 3571 verbis,
1375 3494 1421 3552 ut·

360 3598 458 3672 facilc
499 3597 652 3670 concedo
691 3623 811 3668 vanam
855 3603 1022 3671 contineri
1063 3602 1226 3674 haeretici
1256 3603 1418 3674 hominis·

361 3721 549 3809 fiduciamg
598 3723 642 3790 ita
695 3744 834 3814 prorsus
872 3747 944 3794 non
989 3723 1112 3813 videoq
1147 3725 1328 3820 quomodo
1359 3724 1411 3797 vel

360 3839 531 3914 levissima
569 3867 612 3912 ex
639 3845 680 3912 iis
707 3845 835 3913 oriatur
859 3857 976 3916 contra
1007 3846 1208 3917 Severinum
1241 3849 1406 3946 suspicio.

361 3959 468 4034 Finita
508 3977 623 4034 autem
657 3963 821 4058 epistolae
852 3965 1020 4059 lectione‚
1049 3968 1138 4039 dixit
1156 3971 1191 4042 S.
1213 3965 1405 4045 Martinus:

373 4141 608 4157 ιιι-*ιι-

399 4235 428 4303 1)
463 4236 569 4292 Natolis
587 4238 738 4294 Alexander
755 4241 796 4306 V.
817 4243 876 4294 679.
912 4269 916 4276 ·
