3092 5000
864 446 913 524 Q

409 623 464 694 Sin
498 636 600 693 autem
634 629 781 713 [denique
803 628 848 692 ait
871 628 1046 712 Pontifex],
1083 623 1166 711 quod
1194 650 1284 712 porro
1313 619 1409 711 longe

364 731 421 809 sit,
446 730 614 795 novitatem
636 752 734 815 nuper
756 729 794 794 ab
816 730 885 794 aliis
906 730 1114 794 introductam
1137 728 1280 813 amplecti
1290 726 1407 790 malue-

363 831 406 895 rit
438 831 586 915 [scilicet,
620 830 796 895 Patriarcha
827 830 1203 915 Constantinopolitanae]
1235 836 1265 894 et
1299 825 1411 892 alienis

363 955 381 996 a
414 932 519 1017 regula
552 932 689 997 veritatis
724 933 909 997 orthodoxae
941 937 1034 1016 atque
1067 930 1262 1016 Apostohcae
1283 935 1409 994 nostrae

362 1033 435 1097 fidei
458 1055 521 1097 sese
543 1032 662 1098 irretire
685 1033 842 1111 doctrinis,
867 1056 968 1117 quam,
981 1039 1089 1118 utpote
1100 1031 1259 1098 animabus
1270 1029 1408 1106 noxiam,

363 1133 531 1211 declinare,
563 1155 789 1198 ruursrrrnurna
813 1156 854 1198 aa
876 1155 1070 1199 rrosrorrors
1092 1156 1179 1198 noan
1202 1152 1409 1199 nornnrrrrs

360 1255 664 1300 rasuunonssoernus
691 1257 870 1300 nxnosrrrr
892 1257 995 1316 eroon
1018 1257 1210 1312 conuoum,
1234 1256 1330 1318 usque
1353 1232 1407 1295 ad-

363 1335 425 1400 huc
451 1336 656 1415 distulerunt,
683 1337 749 1421 ipse
771 1338 907 1416 noverit,
932 1337 1007 1422 quid
1030 1336 1156 1418 detali
1171 1340 1350 1419 contemptu
1372 1332 1410 1396 in

362 1437 468 1501 divino
499 1437 615 1502 Christi
642 1438 780 1504 examine
802 1439 968 1505 satisfaciet
990 1439 1072 1524 apud
1093 1438 1228 1523 judicem
1250 1435 1409 1511 omnium,

363 1538 474 1621 quiin
497 1539 589 1604 coelis
612 1546 658 1603 est
682 1540 713 1623 ¹).
1398 1551 1400 1560 '

411 1722 460 1794 Ex
497 1723 619 1814 altera,
660 1749 746 1820 quae
787 1738 821 1797 et
857 1725 1042 1820 Agathonis
1066 1726 1178 1820 Papae
1203 1737 1238 1795 et
1262 1719 1411 1794 Romani

363 1845 504 1918 Concilii
528 1849 668 1918 nornine
693 1851 883 1944 conscripta
908 1863 960 1920 est
984 1848 1149 1944 epistola,
1177 1847 1262 1918 haec
1295 1843 1413 1942 profe-

362 1994 483 2043 runos.

406 2155 446 2220 In
480 2156 539 2220 hoo
573 2158 656 2222 enim
689 2181 755 2224 rrn
777 2180 982 2224 arosronrcan
1005 2181 1090 2224 saure
1121 2179 1273 2243 quamque
1308 2154 1411 2219 nostri

361 2254 465 2340 exigui
487 2257 653 2323 famulatus
675 2261 915 2344 praedecessores
937 2283 1034 2343 usque
1056 2259 1158 2324 adhuc
1179 2255 1413 2341 nonsineperi·

363 2356 441 2421 culis
471 2355 677 2437 desudarunt,
701 2383 785 2425 nunc
808 2360 1305 2431 decretali‘commonitionecum
1326 2357 1414 2441 Apo·

363 2457 478 2521 stolicis
501 2460 702 2526 Pontificibus
723 2462 933 2541 consulentes,
957 2485 1041 2528 nunc
1057 2460 1197 2547 synodali
1209 2457 1413 2535 definitione,

362 2580 439 2641 quae
474 2560 611 2624 veritatis
639 2562 744 2646 regula
774 2563 966 2641 continebat,
999 2562 1141 2628 omnibus
1163 2563 1410 2636 innotescentes,

362 2664 393 2723 et
426 2660 590 2739 terminos,
622 2684 697 2746 quos
719 2665 890 2749 transgredi
912 2665 997 2729 nefas
1020 2670 1083 2742 est,
1107 2686 1205 2746 usque
1228 2663 1267 2726 ad
1289 2660 1413 2725 animae

361 2758 460 2843 ipsius
472 2761 589 2825 exitum
602 2771 775 2829 constanter
787 2765 985 2830 defendentes
995 2791 1001 2830 :
1011 2785 1212 2829 uousnouorr
1220 2783 1411 2836 aerumpna,

362 2881 426 2923 non
448 2861 591 2945 periculis
614 2865 730 2943 territi,
755 2872 792 2929 ut
813 2865 899 2930 illam
922 2867 956 2930 in
974 2865 1149 2951 Evangeliis
1174 2863 1301 2928 Domini
1312 2861 1415 2926 nostri

362 2963 543 3026 sententiam
589 2986 737 3029 ornamus
770 2988 1054 3044 nuncusnnrnuur,
1091 2989 1151 3051 qua
1186 2963 1413 3030 sententialiter

361 3063 526 3147 praecipit,
550 3065 671 3130 dicens:
701 3068 761 3147 Qui
782 3091 827 3132 me
849 3069 1216 3155 coap‘caausfaera'tccram
1227 3066 1410 3142 hominibus,

361 3169 390 3225 et
412 3185 461 3243 epo
485 3168 639 3249 confitebor
661 3167 746 3230 illam
769 3191 865 3232 corum
889 3171 981 3233 Putre
1002 3192 1080 3247 mec,
1105 3169 1200 3254 quita
1213 3167 1353 3230 coeliaeat
1355 3213 1412 3228 .....

360 3261 445 3326 Haec
476 3270 521 3328 est
551 3265 684 3349 perfecta
708 3275 812 3333 nostra
834 3269 978 3347 scientia,
1003 3277 1039 3334 ut
1062 3269 1210 3334 terminos
1232 3265 1412 3331 Catholicae

361 3369 453 3444 atque
486 3365 684 3449 Apostolicae
717 3369 806 3447 fidei,
840 3391 920 3450 Quos
953 3392 1054 3450 usquo
1088 3391 1197 3435 annuo
1220 3388 1412 3434 Arosrorrur

362 3483 454 3527 soors
478 3485 634 3531 noarsoun
655 3489 694 3532 nr
713 3491 811 3534 rnuur
833 3492 871 3535 nr
893 3492 1024 3549 resurr,
1046 3477 1113 3535 tota
1135 3469 1248 3536 mentis
1271 3468 1414 3536 custodia

359 3584 510 3628 servemus
534 3569 565 3650 ²).

408 3751 473 3822 Hic
494 3754 567 3844 jam
593 3753 636 3824 ab
662 3779 723 3845 eo,
749 3759 808 3851 qui
832 3760 935 3829 verba
960 3758 1097 3831 laudata
1123 3771 1156 3828 et
1182 3770 1311 3829 attente
1327 3755 1412 3849 legit

362 3883 396 3939 et
427 3872 607 3964 diligenter
639 3879 842 3972 perpendit,
871 3906 1034 3977 quaerere
1058 3882 1251 3953 audemus:
1279 3882 1308 3950 si
1337 3878 1411 3950 ullo

376 4042 557 4056 -—..

398 4121 615 4192 cmm

398 4206 699 4280 afflmm
