3140 5004
919 499 968 570 10

419 679 578 743 eximatur.
624 677 706 741 Nam
741 675 794 759 qui
828 675 902 738 haec
932 674 1056 752 dicunt,
1090 675 1166 758 quid
1188 675 1273 739 aliud
1295 675 1355 739 nisi
1375 676 1464 760 juxta

418 779 511 844 unius
544 777 592 842 vel
614 777 751 862 geminae
769 781 900 840 'naturae
922 775 1037 840 Christi
1061 775 1120 841 Dei
1143 775 1342 853 vocabulum,
1365 777 1410 840 111
1433 782 1463 840 11
1511 798 1515 802 ·
1551 783 1553 794 ⁴

417 879 623 965 operationem
646 899 741 942 unam
763 876 810 942 vel
832 875 985 962 geminam
1006 876 1225 962 suspicantur?
1260 877 1357 962 Super
1379 877 1463 960 quod
1551 813 1553 940 1

418 980 497 1046 clara
519 986 591 1044 sunt
616 978 719 1043 divina
741 978 925 1044 testimonia.
972 977 1073 1042 Unius
1095 983 1197 1044 autem
1219 978 1401 1063 operationis
1413 976 1462 1044 vel

420 1082 549 1146 duarum
575 1103 638 1146 esse
661 1079 709 1144 vel
732 1079 825 1144 fuisse
848 1077 1048 1143 Mediatorem
1072 1079 1130 1144 Dei
1161 1086 1192 1144 et
1219 1079 1380 1144 hominum
1403 1079 1466 1142 Do
1551 1005 1553 1138 1

417 1182 535 1247 minum
587 1182 694 1247 desum
736 1179 910 1256 Christum,
957 1179 1068 1244 sentire
1107 1186 1138 1244 et
1189 1201 1342 1266 promere,
1390 1179 1465 1244 11111
1551 1177 1553 1310 1

416 1284 555 1370 ineptum
578 1289 634 1349 est.

459 1385 562 1450 Habet
594 1391 696 1449 autem
731 1389 762 1447 et
795 1383 873 1447 circa
919 1383 1010 1447 finem
1051 1382 1156 1448 eadem
1182 1382 1311 1468 epistola
1333 1383 1395 1447 sic:
1421 1382 1463 1446 Et

414 1487 556 1572 quidem,
581 1492 732 1570 quantum
754 1484 794 1548 ad
815 1483 1027 1548 instruendam
1050 1481 1193 1548 notitiam
1218 1483 1461 1569 ambigentium,

379 1586 382 1593 ’
413 1588 619 1653 sanctissimae
641 1583 827 1650 fraternitati
848 1591 965 1649 restrae
987 1607 1042 1670 per
1064 1607 1130 1650 eam
1149 1584 1366 1650 insinuandam
1378 1607 1462 1669 prae-

412 1689 555 1755 vidimus.
600 1688 743 1753 Oeterum
767 1690 919 1771 quantum
943 1686 982 1748 ad
1005 1686 1116 1772 dogma
1139 1685 1377 1752 ecclesiasticum
1395 1708 1463 1770 per·

412 1790 508 1868 tinet,
532 1812 609 1874 quae
631 1795 734 1854 tenere
755 1787 804 1851 vel
827 1785 999 1872 praedicare
1022 1786 1167 1852 debemus
1191 1794 1314 1872 1111111
1346 1786 1463 1872 simpli-

412 1891 534 1956 citatem
569 1889 731 1954 hominum
772 1893 803 1952 et
838 1887 1041 1971 amputandas
1064 1887 1289 1953 inextricabiles
1312 1887 1463 1972 quaestio

411 2014 487 2055 num
511 1991 669 2077 ambages,
694 1989 773 2053 sicut
795 1988 934 2073 superius
956 1987 1107 2066 diximus,
1133 2011 1196 2054 non
1215 1988 1370 2054 unamvel
1383 1989 1462 2052 duas

412 2092 600 2178 operationes
633 2091 667 2154 in
701 2089 872 2154 ¹Mediatore
906 2088 963 2152 Dei
998 2094 1028 2152 et
1054 2089 1214 2153 hominum
1237 2089 1384 2154 definire:
1408 2089 1462 2153 sed

411 2201 556 2278 utrasque
580 2199 715 2269 naturas,
728 2189 762 2255 11
785 2211 849 2254 111
871 2188 993 2252 Christo
1016 2189 1134 2254 unitate
1145 2191 1278 2254 naturali
1291 2189 1459 2276 copulatas,

409 2315 479 2358 cum
502 2293 626 2358 alterius
651 2291 865 2356 communione
889 2296 1047 2374 operantes
1070 2297 1161 2375 atque
1185 2291 1366 2377 operatrices
1390 2313 1460 2355 con·

279 2444 289 2455 .
409 2394 488 2460 11111
522 2394 684 2469 (11111111;
720 2398 751 2456 11
785 2390 919 2454 divinam
947 2390 1087 2474 quidem,
1113 2414 1189 2475 quae
1212 2391 1271 2457 Dei
1295 2397 1368 2456 sunt
1392 2413 1460 2476 ope

408 2502 546 2560 rentem:
571 2501 602 2560 et
628 2494 811 2569 humanam,
836 2514 912 2575 quae
935 2491 1033 2564 carnis
1056 2499 1130 2558 sunt
1153 2499 1379 2576 exsequentem,
1393 2515 1458 2556 non
1551 2575 1552 2580 η

410 2597 520 2673 divise,
553 2617 652 2679 neque
678 2593 803 2658 confuse
826 2600 880 2658 aut
903 2593 1156 2671 convertibiliter,
1180 2595 1238 2659 Dei
1260 2600 1403 2659 naturam
1425 2593 1460 2656 in
1551 2619 1552 2644 r

407 2697 581 2774 hominem,
606 2703 637 2760 et
658 2696 824 2759 humanam
845 2693 879 2756 in
902 2694 1002 2758 Deum
1026 2717 1200 2760 conversam
1214 2697 1391 2772 edocentes,
1405 2694 1459 2758 sed
1551 2681 1552 2686 ¹

407 2807 586 2863 naturarum
621 2795 807 2861 differentias
836 2795 971 2879 integras
1006 2798 1195 2862 confitentes.
1248 2797 1339 2860 Unus
1373 2795 1457 2858 enim

407 2907 498 2983 atquc
520 2900 601 2963 idem
625 2903 671 2962 est
693 2895 819 2960 humilis
842 2902 873 2959 et
895 2894 1052 2974 sublimis,
1069 2898 1203 2981 aequalis
1215 2897 1300 2961 Patri
1312 2902 1344 2960 et
1356 2896 1458 2960 minor
1551 2901 1552 2938 1

405 3000 585 3086 Patre,ipse
607 3004 678 3063 ante
700 3003 847 3081 tempora,
871 3003 963 3060 natus
985 2997 1019 3060 in
1041 3005 1177 3082 tempore
1200 3004 1264 3063 est:
1288 3019 1453 3082 perquem

405 3103 485 3167 facta
518 3108 592 3166 sunt
625 3099 753 3176 saecula,
790 3097 890 3160 factus
924 3096 957 3161 in
981 3098 1101 3162 11111111
1130 3107 1200 3163 est:
1225 3105 1256 3164 et
1281 3098 1333 3181 qui
1356 3097 1456 3182 legem

405 3204 499 3281 dedit,
522 3203 621 3266 faetus
644 3199 700 3264 sub
723 3200 790 3284 lege
814 3204 877 3274 est,
902 3205 938 3261 ut
963 3221 1023 3276 eos,
1048 3200 1102 3282 qui
1115 3199 1250 3284 sublege
1263 3205 1359 3275 erant,
1380 3199 1458 3262 redi·

407 3310 521 3368 meret:
544 3303 610 3387 ipse
633 3299 811 3374 crucifixus,
834 3298 899 3381 ipse
923 3297 1174 3384 chirographum,
1200 3300 1282 3384 quod
1308 3305 1373 3362 erat
1385 3321 1456 3362 111-

406 3411 549 3480 111111,
573 3422 722 3466 evacuans
744 3399 778 3462 in
803 3420 890 3463 cruce
913 3400 951 3463 de
973 3385 1177 3484 potestatibus
1189 3408 1220 3466 et
1232 3399 1454 3486 principatibus

407 3501 618 3589 triumphavit.

451 3605 633 3670 Auferentes
667 3623 755 3686 ergo,
786 3599 864 3665 sicut
897 3601 1047 3680 diximus,
1097 3603 1272 3668 scandalum
1316 3603 1455 3669 novellae

407 3703 649 3780 adinventionis,
675 3723 738 3765 non
761 3724 817 3764 nos
840 3708 960 3787 oportet
983 3726 1074 3767 unam
1098 3705 1146 3768 vel
1170 3702 1245 3768 duas
1265 3705 1454 3790 operationes

408 3808 586 3873 definientes
607 3802 796 3889 praedicare3
820 3803 873 3865 sed
895 3824 950 3887 pro
974 3825 1051 3881 una,
1076 3827 1167 3888 quam
1189 3805 1312 3888 quidam
1333 3806 1452 3881 dicunt,

410 3910 582 3993 operatione
613 3909 735 3988 oportet
757 3924 813 3965 nos
837 3924 933 3965 unum
957 3910 1144 3987 operatorem
1167 3905 1453 3978 0111111111)οωί-

408 4032 484 4073 num
505 4009 539 4072 in
561 4005 700 4088 utrisque
722 4001 840 4066 naturis
864 4002 993 4068 veridice
1017 4006 1171 4084 confiteri,
1196 4012 1227 4070 et
1249 4029 1304 4091 pro
1334 4005 1453 4071 duabus
1550 3997 1551 4050 ἒ

410 4107 651 4194 operationibus,
676 4103 778 4167 ablato
800 4102 938 4186 geminae
963 4105 1147 4188 operationis
1179 4106 1344 4184 vocabulo,
1372 4107 1453 4192 ipsas
1550 4129 1551 4142 ¹

408 4210 511 4294 potius
532 4209 608 4293 duas
632 4211 773 4277 naturas,
797 4203 829 4263 id
852 4210 914 4279 est,
930 4204 1099 4270 divinitatis
1110 4213 1141 4270 et
1152 4207 1250 4272 111111
1262 4213 1451 4291 assumptae,
