3140 5004
879 442 922 513 ia

376 617 584 698 quorundam,
619 615 842 702 suspicantium
864 615 903 678 ad
924 614 1165 700 peremptionem
1186 614 1267 678 hanc
1292 611 1431 697 proferri

376 715 536 781 inconfuse
583 723 674 801 atque
721 718 890 782 secundum
931 715 1160 781 subsistentiam
1194 715 1352 780 unitarum
1387 713 1429 778 in

377 816 500 881 Christo
523 818 590 882 Deo
612 825 718 882 nostro
742 821 871 882 duarum
893 825 1091 882 naturarum:
1117 816 1199 901 quod
1222 838 1286 880 non
1301 821 1348 880 est
1358 837 1434 878 nm·

352 942 354 946 ·
378 939 487 1001 quam,
500 941 556 983 neo
567 921 630 984 fiat.
643 919 791 985 Similiter
802 927 905 985 autem
916 926 947 984 et
962 919 1092 983 duarum
1106 917 1318 1003 operationum
1327 915 1431 980 dictio

377 1019 491 1084 multos
515 1020 716 1099 scandalizet,
737 1028 845 1106 utpote
858 1044 875 1085 a
886 1020 975 1086 nullo
987 1027 1160 1085 sanctorum
1172 1026 1204 1084 et
1214 1017 1434 1104 probabilium

377 1120 531 1200 Ecclesiae
553 1121 769 1187 institutorum
792 1123 885 1188 edita.
908 1123 1039 1208 Insuper
1063 1128 1094 1187 et
1117 1143 1305 1204 consequens
1328 1119 1358 1183 ei
1385 1118 1433 1182 sit

373 1221 549 1306 praedicare
583 1225 659 1287 duas
689 1225 879 1301 voluntates,
917 1223 1145 1289 contrarietates
1180 1222 1258 1286 circa
1291 1219 1433 1285 invicem

374 1322 539 1401 habentes,
572 1331 729 1408 tamquam
752 1326 818 1391 Deo
842 1325 967 1408 quidem
990 1323 1092 1389 Verbo
1115 1323 1280 1388 salutarem
1300 1320 1434 1385 volente

375 1423 536 1508 adimpleri
558 1425 748 1510 passionem,
771 1425 963 1490 humanitate
985 1448 1055 1490 vero
1079 1425 1143 1510 ejus
1167 1423 1334 1488 obsistente
1359 1421 1433 1507 ejus

373 1524 528 1589 voluntati
562 1534 593 1591 et
624 1527 801 1605 resistente,
825 1534 856 1592 et
879 1528 1005 1612 perinde
1027 1526 1090 1591 dno
1114 1525 1265 1590 contraria
1287 1523 1432 1587 volentes

374 1625 633 1691 introducantur:
658 1629 741 1711 qnod
764 1627 896 1713 impium
919 1635 974 1692 est.
998 1625 1194 1712 impossibile
1217 1624 1330 1709 quippe
1364 1629 1432 1700 est,

376 1726 411 1791 in
433 1749 496 1791 uno
519 1729 686 1812 eodemque
709 1728 879 1814 subjacenti
901 1731 976 1794 duas
995 1728 1104 1806 simul,
1122 1734 1153 1792 et
1169 1749 1239 1813 erga
1251 1727 1311 1791 hoe
1321 1724 1433 1810 ipsum

376 1827 563 1906 contrarias,
588 1828 753 1895 subsistere
777 1831 961 1895 voluntates.

421 1928 503 1992 Nam
523 1929 665 1994 salutaris
676 1931 777 1995 Deum
788 1931 962 2015 gerentium
972 1932 1100 1995 Petrum
1112 1929 1252 1994 doctrina
1263 1926 1433 1992 manifeste

375 2029 520 2108 instruit,
553 2032 636 2114 quod
672 2053 840 2115 numquam
862 2031 1113 2096 intellectualiter
1135 2031 1270 2095 animata
1296 2024 1434 2093 Domini

376 2153 443 2196 caro
479 2132 642 2216 separatim
677 2140 708 2198 et
738 2156 775 2197 ex
805 2133 946 2217 appetitu
975 2132 1116 2217 proprio,
1149 2129 1302 2195 contrario
1331 2128 1433 2193 nutui

375 2232 457 2296 uniti
478 2232 538 2297 sibi
559 2235 730 2298 'secundum
753 2233 983 2298 subsistentiam
1014 2233 1073 2297 Dei
1106 2231 1219 2309 Verbi,
1251 2229 1433 2295 naturalem

376 2340 495 2397 motum
518 2356 609 2396 snum
632 2334 750 2412 effecit,
775 2334 828 2398 sed
850 2335 990 2418 qnando,
1015 2340 1045 2398 et
1068 2332 1207 2417 qualem,
1227 2339 1259 2396 et
1275 2337 1431 2415 quantam

375 2433 441 2518 ipse
476 2434 560 2498 Dens
599 2434 735 2499 Verbum
769 2433 900 2499 volebat.
945 2435 1006 2511 Et,
1050 2440 1086 2498 ut
1119 2432 1243 2519 planius
1285 2432 1430 2508 dicatur,

376 2535 634 2617 quemadmodum
656 2557 766 2619 corpus
788 2541 929 2598 nostrum
957 2535 1075 2620 regitur
1093 2541 1124 2599 et
1136 2540 1263 2598 ornatur
1275 2539 1306 2598 et
1325 2533 1432 2618 dispo

375 2633 462 2698 nitur
482 2632 520 2697 ab
543 2631 750 2698 intellectuali
771 2642 802 2699 et
824 2636 969 2700 rationali
991 2635 1092 2700 anima
1115 2642 1238 2699 nostra:
1263 2635 1309 2698 ita
1331 2640 1363 2698 et
1390 2633 1431 2698 in

376 2733 510 2798 Domino
533 2742 638 2799 nostro
661 2742 728 2799 tota
761 2737 895 2822 humana
928 2737 993 2821 ejus
1029 2735 1220 2820 conspersio,
1254 2734 1293 2798 ab
1327 2733 1431 2819 ipsius

376 2834 472 2899 Verbi
502 2834 616 2900 deitate
641 2858 757 2920 semper
786 2837 821 2900 in
849 2837 990 2901 omnibus
1014 2843 1113 2914 mota,
1138 2835 1315 2900 deimobilis
1341 2843 1429 2911 erat,

376 2936 545 3000 secundum
567 2937 745 3021 Nyssenum
769 2937 968 3022 Gregorinm,
1001 2936 1152 3002 dicentem
1185 2943 1292 3001 contra
1323 2937 1432 3000 Euno-

377 3037 474 3101 mium
495 3037 556 3101 ita:
581 3037 756 3102 Secundum
779 3038 861 3121 quod
881 3037 1092 3115 Deusltlius,
1104 3037 1306 3122 impassibilis
1318 3037 1430 3121 utique

377 3145 465 3204 estet
477 3138 668 3202 immortalis.
693 3138 726 3202 Si
748 3161 808 3222 qua
830 3145 932 3202 autem
954 3138 1055 3223 passio
1078 3139 1116 3202 de
1140 3136 1231 3202 eoin
1253 3138 1429 3222 Evangelio

376 3239 509 3316 dicitur,
541 3261 594 3324 per
623 3238 847 3303 humanitatem
870 3239 1022 3322 profecto,
1047 3261 1125 3321 quae
1148 3237 1338 3323 suscipiebat
1361 3261 1430 3323 pas·
1554 3231 1555 3316 l

376 3339 510 3416 sionem,
545 3338 723 3423 hujusmodi
753 3344 895 3422 operatus
928 3344 984 3402 est.
1030 3339 1184 3424 Operatur
1218 3338 1335 3423 quippe
1358 3361 1431 3404 vere
1554 3319 1555 3404 ?

378 3438 476 3503 deitas
497 3461 552 3522 per
575 3461 700 3523 corpus,
724 3438 808 3521 quod
831 3438 908 3501 circa
928 3439 1025 3523 ipsam
1045 3445 1108 3517 est,
1122 3439 1262 3503 omnium
1274 3439 1431 3518 salutem,
1554 3505 1555 3508 ,

377 3547 414 3604 ut
436 3539 478 3602 sit
501 3539 599 3602 carnis
623 3538 747 3622 quidem
769 3539 885 3622 passio,
909 3539 969 3602 Dei
991 3546 1093 3604 autem
1120 3541 1266 3625 operatio.

421 3640 512 3704 Hanc
533 3638 646 3724 igitur,
670 3645 707 3701 ut
729 3637 847 3701 dictum
870 3645 932 3716 est,
964 3639 1193 3704 contentionem
1219 3640 1429 3725 incipientem

377 3740 503 3805 accendi
525 3739 680 3815 videntes,
705 3737 908 3801 necessarium
928 3739 1149 3822 judicavimus,
1174 3741 1297 3804 attritas
1319 3741 1431 3826 potius
1554 3735 1555 3770 ³

378 3847 553 3907 sanctorum
576 3840 704 3902 Petrum
725 3860 811 3901 voces
833 3845 865 3901 et
887 3839 1029 3922 synodice
1041 3839 1183 3904 definitas
1195 3863 1314 3926 semper
1326 3842 1431 3926 sequi,
1554 3859 1555 3914 ς

379 3947 410 4004 et
443 3962 542 4022 neque
564 3962 642 4022 quae
663 3960 731 4001 raro
753 3959 771 4000 a
794 3936 977 4020 quibusdam
998 3940 1143 4004 Patribus
1166 3941 1250 4005 dicta
1272 3949 1350 4006 sunt
1361 3991 1371 4020 ‚
1397 3949 1431 4008 et

379 4062 443 4103 non
477 4041 554 4102 circa
587 4040 662 4103 haec
694 4037 899 4114 intentionem
931 4039 1135 4118 habentibus,
1171 4043 1261 4124 quasi
1295 4042 1428 4128 planam

380 4147 411 4213 et
421 4137 631 4233 inambiguam
653 4139 691 4202 de
714 4138 757 4208 eis
780 4138 950 4206 doctrinam
973 4149 1175 4229 exponerent,
1190 4143 1229 4206 ad
1241 4144 1383 4229 regulam
1397 4153 1430 4210 et
1554 4183 1555 4234 3
