3140 5004
870 399 983 517 sa'

368 624 415 680 est
437 619 623 703 episcopium
643 619 847 686 Lateraneuse
859 645 876 684 a
889 619 1038 686 Mauricio
1058 617 1240 684 chartulario
1263 621 1295 679 et
1316 611 1414 676 Isacio

369 721 496 805 patricio
515 727 545 785 et
566 721 693 785 exarcho
718 722 843 800 Italiae,
868 746 937 787 cum
957 724 1054 786 oddae
1069 711 1175 784 clectus
1194 711 1272 783 esset
1284 709 1417 806 domnus

367 821 539 888 Severinus.
585 823 644 887 Sed
667 829 830 908 antequam
853 825 968 889 veniret
991 823 1126 902 isacius,
1151 819 1319 884 Mauricius
1343 815 1422 890 dolon

367 924 478 988 ductus
503 925 644 990 adversus
667 925 834 990 Ecclesiam
857 926 931 1003 Dei,
957 925 1083 990 consilio
1106 923 1184 987 inito
1204 945 1273 986 cum
1294 917 1419 1003 quibus·

353 1043 355 1046 ·
367 1025 436 1088 dam
447 1027 592 1110 perversis
604 1026 796 1105 hominibus,
818 1027 1024 1092 incitaverunt
1046 1025 1211 1090 exercitum
1222 1023 1417 1094 Romanum,

365 1125 522 1192 dicentes:
547 1129 655 1211 „Quia
678 1128 753 1214 quid
775 1130 915 1214 prodest,
941 1130 1024 1212 quod
1045 1134 1150 1192 tantae
1173 1123 1319 1212 pecuniae
1345 1142 1418 1185 con·

366 1236 551 1314 „gregratae
574 1236 647 1294 sunt
670 1231 705 1294 in
727 1231 878 1316 episcopio
902 1229 1100 1295 Lateranensi
1116 1227 1153 1292 ab
1165 1225 1304 1290 Honorio
1316 1225 1417 1308 Papa,

364 1337 425 1406 „et
448 1331 535 1395 miles
558 1331 616 1396 iste
639 1332 718 1396 nihil
741 1331 851 1396 exinde
882 1331 1049 1396 subventus
1083 1329 1191 1405 habet,
1227 1325 1350 1410 quando
1384 1329 1419 1386 et
1487 1320 1496 1333 “

365 1453 483 1516 „rogae
498 1434 529 1515 ¹),
543 1455 617 1516 quas
633 1434 764 1497 domnus
787 1432 957 1518 Imperator
980 1431 1064 1496 vobis
1086 1454 1140 1517 per
1151 1429 1230 1493 vices
1247 1423 1417 1500 mandavit,

365 1532 448 1609 „ubi
472 1533 580 1618 [lege:
604 1535 664 1618 ibi]
689 1542 762 1598 sunt
785 1558 802 1598 a
825 1541 930 1599 saneto
953 1534 1017 1598 viro
1039 1532 1212 1598 reconditae
1223 1527 1258 1593 ?''
1342 1599 1344 1602 ,

408 1633 466 1698 His
490 1635 603 1698 auditis
627 1644 805 1701 exarserunt
840 1659 944 1700 omnes
980 1637 1121 1699 adversus
1148 1631 1314 1697 Ecclesiam
1336 1627 1416 1704 Dei,

363 1743 395 1799 et
417 1743 567 1802 venerunt
591 1759 696 1801 omnes
727 1761 744 1800 a
776 1737 902 1802 minimo
932 1737 1068 1821 [lorsanz
1100 1736 1213 1818 auimo]
1245 1729 1416 1805 concitati,

364 1859 469 1900 omnes
499 1838 626 1916 armati,
660 1839 712 1922 qui
741 1839 858 1904 inventi
888 1845 961 1902 sunt
992 1838 1026 1901 in
1057 1837 1178 1900 civitate
1201 1834 1358 1908 Romana,
1395 1853 1418 1892 a

364 1959 458 2022 puero
479 1961 575 2022 usque
599 1941 637 2003 ad
660 1961 778 2017 senem,
810 1941 843 2004 in
873 1939 1025 2025 episcopio
1055 1936 1259 2023 suprascripto
1292 1933 1418 1997 Latera-

366 2039 476 2115 ncnsi,
500 2047 531 2104 et
553 2064 618 2105 non
639 2039 808 2125 potuerunt
833 2064 925 2105 manu
947 2040 1071 2104 militari
1103 2039 1246 2114 introire,
1276 2035 1347 2118 quia
1368 2054 1418 2096 re·
1493 2098 1497 2106 ,

366 2141 511 2205 stiterunt
534 2143 578 2218 ei,
604 2143 656 2226 qui
686 2148 773 2206 erant
803 2165 872 2206 cum
907 2141 1095 2206 sanctissimo
1121 2141 1235 2203 domno
1256 2135 1416 2201 Severino.

366 2243 454 2306 Tune
475 2243 580 2307 videns
603 2242 662 2307 hoc
685 2242 870 2320 Mauricius,
906 2243 976 2326 quia
999 2242 1078 2307 nihil
1104 2244 1275 2326 potuerunt,
1292 2237 1415 2311 facere,

366 2343 437 2406 dolo
461 2345 571 2408 ductus
593 2344 667 2412 fecit
688 2345 731 2408 ibi
754 2345 919 2409 exercitum
941 2343 1092 2420 residere,
1120 2342 1201 2406 intra
1224 2337 1417 2424 episcopium

365 2445 587 2521 lateranense,
610 2452 641 2508 et
662 2445 789 2509 luerunt
811 2445 854 2510 ibi
877 2446 941 2509 dies
964 2451 1036 2508 tres
1060 2445 1134 2508 Post
1149 2441 1288 2505 triduum
1310 2445 1418 2502 autem

365 2545 504 2609 introivit
533 2541 701 2609 Mauricius
730 2569 799 2609 cum
827 2547 997 2631 judicibus,
1027 2544 1080 2628 qui
1102 2542 1221 2607 inventi
1244 2547 1318 2605 sunt
1341 2560 1415 2602 cum

363 2645 430 2730 ipso
450 2646 481 2708 in
502 2646 628 2709 consilio
648 2653 678 2711 et
703 2646 873 2730 [intrantes
893 2645 949 2710 sub
966 2647 1063 2730 specie
1075 2643 1175 2730 pacis]
1201 2642 1417 2728 sigillaverunt

362 2767 451 2811 omne
480 2747 654 2810 vestiarium
685 2747 853 2824 Ecclesiae,
886 2769 939 2812 seu
970 2745 1111 2830 cymbilia
1142 2744 1304 2829 episcopii,
1334 2763 1416 2825 quae

361 2847 472 2912 diversi
495 2847 744 2911 Christianissimi
766 2849 986 2933 Imperatores,
1016 2868 1070 2910 seu
1101 2845 1221 2930 patricii
1244 2850 1279 2908 et
1303 2865 1417 2908 consu·

360 2947 405 3012 les
427 2970 482 3031 pro
512 2941 720 3032 redemptione
751 2947 921 3011 animarum
955 2968 1078 3010 suarum
1101 2947 1189 3012 beato
1212 2947 1306 3009 Petro
1330 2946 1415 3028 Apo·

361 3048 440 3112 stolo
471 3048 674 3137 reliquerant,
699 3056 735 3112 ut
758 3049 942 3134 pauperibus
973 3047 1102 3132 singulis
1132 3031 1324 3131 temporibus
1355 3067 1415 3130 pro

361 3149 505 3214 alimonia
517 3166 711 3234 erogarentur
722 3199 730 3228 ,
755 3173 807 3214 seu
818 3157 942 3234 propter
952 3147 1193 3232 redemptionem
1206 3146 1413 3230 captivorum.

405 3251 447 3315 Et
469 3250 666 3335 postmodum
688 3251 771 3314 misit
795 3249 962 3313 Mauricius
983 3247 1125 3331 epistolas
1142 3270 1213 3310 suas
1225 3249 1264 3310 ad
1275 3246 1414 3310 Isacium

360 3352 522 3435 patricium
546 3345 737 3425 Ravennam,
771 3350 809 3412 de
839 3349 897 3411 hoc
920 3349 1002 3430 quod
1034 3354 1136 3411 aetum
1160 3355 1223 3425 est,
1256 3347 1416 3430 quomodo

360 3453 425 3536 ipse
448 3475 517 3515 cum
540 3451 675 3514 exercitu
699 3449 859 3533 sigillasset
883 3471 971 3512 omne
990 3449 1166 3514 vestiarium
1188 3449 1354 3534 episcopii3
1381 3455 1415 3512 et

360 3553 431 3636 quia
454 3553 519 3616 sine
542 3551 644 3633 aliqua
665 3550 798 3614 laesione
821 3572 942 3613 omnem
960 3548 1176 3636 substantiam
1200 3549 1409 3634 saepedictam

359 3653 532 3738 potuissent
566 3649 749 3734 depraedari.
795 3649 933 3732 Cumque
967 3649 1041 3714 haec
1082 3651 1181 3714 verius
1216 3650 1414 3734 cognovisset

360 3753 493 3830 Isacius,
516 3751 656 3816 venitin
679 3750 832 3814 civitatem
854 3750 1039 3827 Romanam,
1065 3758 1094 3814 et
1122 3753 1204 3814 misit
1233 3757 1330 3814 omues
1348 3752 1415 3832 pri-

362 3861 452 3918 mutes
474 3853 622 3916 Ecclesiae
644 3853 772 3931 singulos
786 3873 845 3933 per
866 3852 997 3930 stapulas
1019 3851 1154 3915 civitates
1168 3853 1201 3914 in
1221 3853 1343 3916 erilium
1352 3900 1362 3929 ,
1375 3859 1415 3914 ut

361 3974 424 4015 non
446 3953 570 4028 fuisset,
595 3953 648 4034 qui
671 3951 699 4016 ei
721 3951 860 4015 resistere
890 3950 1044 4015 debuisset
1074 3953 1111 4016 de
1135 3953 1226 4016 clerc.
1274 3953 1316 4015 Et
1339 3960 1415 4036 post

368 4109 566 4122 ——nu--q

398 4194 426 4264 1)
464 4195 623 4268 Stipendia?
639 4220 645 4225 ·

1557 2267 1563 2356 r

1558 2410 1563 2550 i
