3092 5000
821 497 891 569 tot

377 677 543 748 Macarius
567 679 703 771 itaque,
730 671 923 742 Patriarcha
948 667 1204 759 Antiochenus,
1227 670 1273 741 ob
1291 673 1381 740 cau-

329 826 399 877 sam
426 801 512 895 ipsi,
541 813 578 870 ut
603 798 751 894 patebit,
780 797 908 890 optime
933 796 1123 887 cognitam,
1151 794 1196 866 ab
1220 794 1381 888 Impera-

331 935 402 994 tore
439 923 554 1017 petiit,
598 934 634 991 ut
671 920 980 991 Oecuinenicorum
1015 915 1248 988 Conciliorum
1273 916 1378 1006 libri,

328 1045 453 1140 quibus
478 1043 666 1114 doctrinam
694 1067 788 1113 suam
815 1039 1056 1129 confirmaret,
1083 1063 1197 1111 coram
1220 1038 1379 1111 Concilio

328 1167 620 1264 preelegerentur.
665 1167 822 1237 Recitatis
858 1163 1001 1260 proinde
1027 1167 1064 1235 in
1089 1165 1238 1236 sessione
1265 1165 1380 1258 prima
1487 1257 1492 1261 ἡ

327 1303 361 1362 et
385 1290 536 1361 secunda
562 1292 650 1360 tertii
674 1291 854 1384 quartique
879 1286 1019 1360 Concilii
1037 1287 1153 1376 libris,
1172 1288 1208 1358 in
1226 1287 1379 1358 sessione

327 1415 423 1484 tertia
449 1414 562 1509 quinti
586 1411 727 1484 Concilii
752 1412 831 1482 libri
857 1410 981 1506 prolati
1007 1422 1101 1481 sunt.

373 1619 595 1686 Constantinus
619 1619 677 1705 [ita
690 1626 757 1684 acta
768 1618 915 1702 habent],
927 1617 1085 1703 piissimus
1097 1616 1269 1702 Imperator
1283 1615 1383 1682 dixit:

328 1726 474 1788 Praesens
508 1721 696 1799 Antiochus,
727 1720 887 1805 religiosus
917 1719 1013 1784 lector
1046 1725 1078 1809 et
1107 1717 1263 1797 notarius,
1287 1719 1385 1784 susci·

327 1824 415 1909 piens
445 1822 557 1887 librum
594 1822 717 1908 relegat.
762 1822 804 1885 Et
828 1820 996 1905 accipiens,
1022 1819 1222 1905 aperiensque
1245 1821 1383 1885 eundem

325 1925 456 2000 librum,
492 1946 616 1989 exorsus
650 1930 698 1987 est
728 1922 915 2008 principium
951 1921 1100 2006 praedicti
1134 1920 1222 1999 libri,
1255 1921 1383 2004 quiite

328 2024 522 2090 continebat:
569 2027 667 2088 Sermo
689 2032 808 2088 sanctae
830 2023 984 2088 memoriae
1006 2025 1136 2086 Menace
1159 2023 1386 2105 Arctiept'acopa'

332 2127 616 2207 Comtuatinopoleoa
638 2128 680 2188 ad
708 2124 1056 2206 Vipiliumbeutirra'mam
1080 2125 1193 2207 Pupam
1211 2125 1383 2188 Romanum

327 2230 362 2290 de
385 2250 433 2303 eo,
460 2229 538 2311 quod
558 2250 619 2290 aaa
641 2227 680 2290 at
708 2227 817 2290 otetur
839 2227 985 2290 noluntas.

372 2328 414 2391 ut
447 2334 643 2412 exsurgentes
676 2326 770 2412 legati
792 2326 987 2411 Apostolicae
1021 2325 1109 2390 Sedis
1132 2325 1249 2389 Romae
1280 2325 1381 2390 excla-

328 2434 504 2492 maverunt:
542 2427 682 2491 Piissime
716 2427 861 2503 domine,
896 2425 1024 2490 falsatus
1052 2432 1104 2495 est
1135 2448 1278 2511 praesens
1300 2425 1384 2491 liber

331 2528 458 2611 quintae
480 2527 613 2612 Synodi:
648 2549 841 2611 nequaquam
871 2528 1023 2612 relegatur
1046 2549 1161 2605 sermo,
1187 2527 1242 2610 qui
1265 2527 1383 2592 dicitur

328 2629 461 2693 Mennae
493 2629 531 2692 ad
553 2627 722 2713 Vigilium,
747 2627 818 2710 quia
840 2629 929 2692 fictus
954 2635 1016 2692 est:
1039 2628 1092 2692 sed
1114 2628 1188 2712 jube
1211 2627 1382 2713 diligenter

326 2730 480 2794 advertere
513 2735 702 2812 praesentem
735 2728 866 2793 librum:
891 2728 1030 2794 satisfieri
1055 2729 1138 2794 enim
1160 2728 1255 2794 habet
1277 2730 1382 2814 piissi-

327 2852 411 2893 mum
455 2835 590 2893 vestrum
621 2829 800 2914 imperium,
837 2830 909 2913 quia
939 2852 1003 2893 non
1038 2835 1085 2893 est
1120 2836 1196 2893 tuno
1230 2830 1383 2915 temporis

325 2930 444 3017 positus
477 2930 512 2994 in
544 2930 684 3007 exordio,
720 2953 789 2994 cum
823 2932 931 2995 fierent
965 2937 1033 2995 acta
1065 2930 1100 2993 in
1136 2938 1242 2995 sancta
1266 2931 1381 3016 quinta

326 3032 464 3116 Synod0,
488 3029 546 3095 iste
573 3032 627 3115 qui
650 3031 764 3095 dicitur
787 3054 884 3096 sermo
907 3031 1041 3097 Mennae
1064 3033 1103 3095 ad
1126 3031 1299 3118 Vigilium,
1324 3036 1382 3100 sed

325 3154 423 3216 nuper
446 3131 603 3216 appositus
626 3138 672 3196 est
694 3131 728 3196 in
750 3132 908 3218 principiis
931 3133 1100 3218 praesentis
1123 3132 1214 3210 libri,
1240 3138 1382 3218 eoquod

324 3231 470 3316 vigesimo
504 3232 602 3317 primo
636 3255 716 3296 anno
752 3233 923 3298 Justiniani
954 3233 1076 3299 divinae
1111 3235 1276 3300 memoriae
1300 3235 1382 3302 obiit

325 3331 474 3408 Mennas3
510 3332 619 3415 quinta
652 3339 753 3397 autem
787 3334 929 3418 Synodus
963 3334 1110 3419 vigesimo
1141 3336 1272 3421 septimo
1296 3360 1383 3403 anno

324 3431 446 3515 imperii
481 3432 545 3516 ejus
580 3440 760 3517 congregata
795 3440 858 3510 est,
883 3435 1101 3520 Episcopatum
1136 3443 1265 3504 tenente
1286 3439 1384 3525 hujus

324 3531 425 3615 regiae
447 3531 532 3596 urbis
555 3532 710 3616 Eutychio
732 3534 912 3599 venerabilis
934 3537 1109 3602 memoriae.

370 3632 411 3696 Et
433 3632 631 3718 inspicientes
650 3640 714 3697 tam
737 3635 893 3718 piissimus
917 3636 1089 3720 Imperator
1111 3661 1258 3704 unacum
1271 3642 1386 3728 glorio·

323 3733 450 3797 sissimis
482 3733 638 3816 judicibus
671 3740 701 3798 et
735 3735 916 3817 quibusdam
948 3760 986 3800 ex
1017 3745 1123 3803 sancta
1158 3741 1287 3825 Synodo
1312 3744 1380 3808 Deo

326 3832 506 3896 amabilibus
529 3833 704 3918 Episcopis,
729 3841 759 3898 et
778 3837 947 3919 aperientes
971 3861 1005 3901 ao
1028 3839 1240 3908 discernentes
1259 3844 1387 3910 invene-

323 3938 397 3995 runt
420 3941 478 3998 tres
500 3936 703 4018 quaterniones
713 3935 747 3997 a'a
760 3937 909 4016 princepio
921 3939 991 4001 libri
1002 3941 1122 4005 additos
1130 3990 1139 4020 ,
1153 3964 1219 4007 non
1231 3944 1385 4011 habentes

324 4030 571 4098 subnotationem
606 4034 744 4116 numeri,
770 4035 823 4117 qui
847 4039 1016 4104 secundum
1040 4023 1301 4110 consuetudinem
1321 4049 1385 4112 affi-

323 4128 406 4210 gitur
428 4131 462 4194 in
485 4133 757 4214 quaternionibus,
782 4135 834 4199 sed
858 4137 1011 4224 inqaarto
1033 4145 1239 4225 quaternione
1268 4147 1384 4214 habere

323 4229 450 4309 mimam
469 4252 646 4312 numerum,
667 4242 697 4299 et
715 4236 750 4299 in
771 4239 911 4319 sequenti
924 4243 1126 4324 quaternione
1138 4248 1331 4327 secundum,
1349 4256 1381 4314 et
