3092 5000
838 468 909 540 108

346 668 470 736 »etiam
509 666 763 739 consideremus
799 678 834 738 et
869 675 1106 759 competenter
1143 673 1390 744 retractemus,

346 793 397 860 »si
437 789 681 862 immutilatum
727 787 950 885 permansit.'’
993 787 1153 880 Diligenti
1195 808 1278 855 cum
1320 781 1394 853 aliis

346 911 501 1007 ¹ejusdem
539 915 648 1006 quinti
687 912 828 984 Concilii
868 911 1044 984 codicibus
1073 907 1255 980 collatione
1279 905 1392 994 faeta,

344 1034 436 1105 hanc
460 1033 614 1107 tulerunt
638 1035 754 1107 Patres
779 1035 1002 1122 sententiam,
1030 1055 1133 1128 quam
1161 1029 1302 1126 quidem
1321 1051 1394 1097 non

348 1158 460 1228 minus
473 1169 577 1252 atque
590 1181 643 1248 ea,
660 1181 748 1253 quae
761 1169 838 1252 post
854 1179 928 1227 eam
947 1166 1063 1226 secuta
1081 1165 1182 1242 sunt,
1196 1150 1395 1223 lectorreri

346 1278 570 1371 investigandi
597 1278 744 1375 cupidus
770 1278 950 1371 diligenter
974 1274 1180 1372 perpendat.

378 1546 475 1613 ·Haec
501 1548 719 1634 cognovimus,
744 1548 1001 1632 quemadmodum
1025 1553 1056 1612 et
1079 1545 1251 1623 affirmant,
1277 1542 1396 1628 qui.ab

249 1678 252 1683 ·
344 1648 523 1734 Apostolica
542 1650 619 1716 Sede
641 1650 786 1734 antiquae
809 1650 924 1714 Romae
947 1653 1037 1726 sunt,
1062 1669 1162 1731 neque
1186 1647 1268 1711 faeta
1294 1667 1397 1728 neque

346 1750 460 1834 scripta
481 1749 574 1815 fuisse
596 1750 631 1814 in
654 1757 790 1835 tempore
812 1749 971 1815 memorati
994 1748 1092 1814 sancti
1115 1747 1221 1832 quinti
1243 1745 1397 1823 Concilii,

347 1851 400 1916 sed
423 1851 556 1935 adjectos
578 1851 703 1935 quidem
725 1873 789 1916 esse
811 1857 873 1916 tres
896 1850 1112 1934 quaterniones
1135 1849 1170 1913 in
1191 1847 1294 1933 primo
1316 1846 1399 1912 libro

346 1951 446 2015 sancti
468 1951 572 2035 quinti
595 1951 744 2030 concilii,
767 1952 802 2016 in
825 1950 938 2037 quihus
960 1952 1083 2016 videtur
1098 1948 1240 2027 libellus,
1254 1947 1312 2033 qui
1324 1947 1402 2012 dici·

346 2058 399 2116 tur
432 2051 575 2117 Mennae.
620 2054 695 2119 Post
728 2053 803 2118 haec
827 2052 915 2117 etin
938 2052 1073 2118 secundo
1096 2050 1178 2116 libro
1202 2049 1283 2114 circa
1307 2049 1401 2135 septi-

347 2175 430 2218 mam
462 2153 614 2218 actionem
644 2159 798 2218 mutatum
829 2152 954 2237 quidem
975 2151 1070 2217 fuisse
1094 2148 1401 2235 quintumdecimum

347 2253 594 2336 quaternionem,
629 2255 842 2339 adiectumque
877 2275 941 2319 esse
962 2251 1185 2336 quadrifolium
1208 2274 1273 2317 non
1296 2273 1403 2337 super·

347 2353 495 2438 scriptum
529 2361 599 2420 ante
633 2356 787 2419 decimum
822 2360 943 2418 sextum
978 2353 1229 2437 quaternionem,
1265 2353 1302 2417 in
1339 2375 1401 2437 quo

312 2497 315 2506 ι
345 2455 487 2519 seruntur
509 2455 571 2519 duo
593 2454 666 2519 libri
684 2453 795 2540 Vigilii
802 2504 811 2533 ,
825 2453 879 2538 qui
891 2454 1038 2520 dicuntur
1049 2454 1124 2520 facti
1136 2453 1233 2519 fuisse
1245 2455 1285 2518 ad
1297 2453 1320 2516 J
1320 2453 1399 2534 usti·

347 2555 476 2621 nianum
505 2560 537 2620 et
568 2556 760 2620 Theodoram
793 2555 880 2620 divae
909 2554 1089 2632 memoriae,
1112 2555 1254 2638 utrisque
1277 2555 1400 2620 nullam

348 2655 470 2720 literam
503 2654 697 2720 habentibus.
742 2656 809 2720 Hos
842 2677 930 2734 vero,
955 2656 1009 2740 qui
1031 2656 1222 2720 falsaverunt
1245 2655 1401 2741 praefatos

349 2756 427 2818 duos
458 2753 554 2818 libror
576 2761 608 2819 et
631 2755 822 2820 chartaceum
843 2755 1004 2834 volumen,
1029 2779 1068 2822 ex
1089 2756 1219 2821 illorum
1239 2756 1402 2821 vocabulis

349 2855 500 2920 malitiose
522 2855 663 2920 adversus
678 2864 760 2920 reeta
771 2857 914 2941 dogmata
924 2856 999 2922 haec
1015 2857 1252 2941 interficientes,
1266 2880 1303 2922 eo
1316 2857 1401 2940 quod

349 2978 449 3040 neque
470 2955 506 3019 in
527 2978 611 3020 nunc
632 2955 760 3040 prolatis
782 2957 919 3040 antiquis
942 2963 973 3022 et
994 2957 1193 3022 immutilatis
1214 2957 1307 3022 libris
1324 2959 1403 3042 ejus·

348 3056 419 3121 dem
442 3055 539 3120 sancti
561 3055 663 3140 quinti
685 3056 834 3135 Ooncilii‚
858 3079 958 3140 neque
980 3057 1014 3121 in
1037 3058 1196 3122 chartaceo
1220 3058 1302 3123 libro
1313 3107 1323 3136 ,
1345 3058 1401 3142 qui

219 3163 221 3168 '
347 3155 383 3219 in
404 3155 520 3220 recenti
541 3155 686 3221 inventus
708 3164 754 3221 est
766 3157 859 3242 apud
878 3156 1098 3223 bibliothecam
1109 3159 1296 3224 venerabilis
1308 3159 1404 3244 patri-

348 3256 460 3334 archii,
485 3256 618 3340 rejacent
639 3256 734 3320 iidem
756 3257 817 3341 ipsi
828 3257 940 3336 libelli,
954 3280 1012 3323 seu
1023 3259 1159 3325 Mennae
1171 3260 1211 3323 ad
1223 3258 1385 3345 vigilium
1393 3308 1403 3338 ‚

349 3355 413 3420 sive
436 3354 586 3440 aVigilio
609 3357 648 3420 ad
671 3355 883 3421 Justinianum
907 3365 938 3422 et
955 3359 1150 3424 Theodoram
1172 3361 1262 3425 divae
1287 3384 1404 3426 memo·

348 3455 428 3532 riae,
463 3455 516 3519 sed
549 3456 606 3519 hos
639 3455 789 3520 fallaciter
821 3456 1013 3524 invenientes
1035 3458 1187 3538 insertos,
1211 3468 1325 3546 utpote
1341 3463 1405 3547 qui

350 3553 501 3620 diabolica
534 3555 707 3640 operatione
739 3579 793 3640 per
827 3579 895 3636 eos,
927 3559 981 3642 qui
1003 3559 1079 3624 haec
1100 3549 1311 3640 falsaverunt,
1338 3565 1405 3628 sint
1531 3551 1532 3554 Ἴ

349 3655 528 3740 complices,
564 3655 753 3720 chartaceum
788 3657 912 3740 quidem
944 3658 1105 3739 volumen,
1144 3664 1230 3745 quod
1253 3664 1405 3730 falsatum

350 3761 414 3832 est,
437 3755 638 3819 ¹decernimus
673 3756 782 3818 cassari
814 3756 848 3821 in
881 3756 974 3836 lucie,
1007 3759 1041 3824 in
1073 3760 1189 3845 quibus
1212 3765 1406 3847 adjectiones

351 3861 425 3917 sunt
457 3854 554 3918 factae
561 3879 571 3931 3
607 3875 709 3918 verum
740 3854 835 3919 libros
869 3857 962 3922 etiam
995 3882 1047 3924 ecs
1083 3862 1182 3928 obelis
1214 3865 1333 3930 obduei
1370 3866 1405 3931 in

350 3951 443 4027 locis,
484 3953 520 4017 in
553 3954 663 4035 quibus
698 3955 853 4038 depravati
887 3965 961 4022 sunt
994 3967 1026 4024 et
1061 3964 1175 4028 cassari
1211 3988 1275 4031 eos.
1309 3966 1405 4031 ,Illos

352 4054 472 4126 autem,
506 4052 561 4135 qui
595 4052 792 4130 falsaverunt,
827 4057 1015 4124 anathemati
1037 4062 1185 4129 submitti
1206 4072 1238 4130 et
1262 4068 1406 4132 numina·

353 4147 411 4212 tim
435 4170 503 4213 cum
527 4151 570 4216 eis
593 4152 841 4220 anathematizari
859 4155 1018 4239 libellum,
1043 4163 1098 4247 qui
1122 4165 1242 4231 dicitur
1266 4167 1406 4232 Mennae
