3140 5004
653 459 699 528 tt

199 641 381 713 »Relectns
406 643 522 738 Typus
547 643 678 714 honum
705 641 842 738 quidem
869 645 1039 715 intentum
1065 647 1192 719 habere

31 777 32 800 ¹
152 767 403 860 »dignoscitur7
445 766 673 839 dissonantem
714 780 828 838 autem
859 770 1017 839 virtutem
1048 773 1193 844 intentui

152 894 340 963 »continet
391 891 525 962 Bonum
567 904 618 962 est
659 915 808 987 namque
851 893 972 988 procul
1013 894 1117 967 dnbio
1162 911 1196 966 et

151 1015 334 1086 »omnihus
377 1015 577 1085 timentibus
621 1015 731 1086 Deum
761 1015 1008 1106 desiderabile,
1037 1018 1196 1091 cohibere

152 1136 400 1208 »dissensiones
425 1149 459 1207 et
484 1136 719 1208 altercationes
744 1162 807 1233 pro
821 1161 921 1209 cansa
938 1137 1035 1229 fidei,
1055 1141 1197 1212 redimo

150 1274 223 1333 »eat
248 1259 333 1332 otilo
358 1273 391 1332 et
415 1261 558 1350 bonnm„
586 1287 664 1331 com
689 1260 779 1331 molo
805 1263 979 1334 destruere
999 1263 1143 1352 bonum
1160 1264 1195 1334 id

151 1398 246 1474 »est‚
273 1408 352 1455 cum
375 1384 551 1456 haereticis
576 1383 845 1455 orthodoxorum
872 1386 1010 1456 Patrum
1039 1386 1140 1457 verba
1161 1399 1196 1457 et

155 1542 167 1568 ·›
176 1506 337 1601 dogmata
344 1561 415 1580 .....
443 1507 548 1601 Igitur
571 1506 668 1578 nullo
695 1506 798 1577 modo
823 1521 957 1602 oportet
981 1521 1098 1579 contra
1123 1533 1194 1599 eos,

151 1633 234 1728 »qui
247 1632 389 1702 minime
402 1630 574 1723 denegant
585 1633 711 1726 pariter
724 1643 930 1725 utrumque,
952 1630 987 1699 id
1001 1644 1052 1702 est
1064 1686 1074 1720 ‚
1088 1655 1193 1702 unam

150 1767 233 1825 »aut
258 1752 343 1825 duas
368 1753 481 1825 dicere
505 1755 539 1823 in
566 1753 698 1824 Christo
711 1753 783 1824 Deo
797 1755 1010 1848 operationes
1027 1753 1197 1825 etvolnn-

150 1891 281 1965 nates„
315 1878 387 1947 sine
412 1876 615 1947 discretione
639 1877 909 1969 indignationem
935 1877 1110 1968 infligere,
1138 1876 1197 1947 sed

152 2005 264 2094 »juste
290 2013 406 2071 contra
429 2022 487 2069 eos
513 1997 751 2070 tantummodo
765 1999 855 2069 hanc
867 1997 1038 2093 proferre,
1054 2000 1113 2094 qui
1127 2022 1196 2069 non

149 2121 404 2210 »confitentum
441 2146 525 2216 quas
551 2121 744 2216 probabiles
770 2120 937 2192 Ecclesiae
951 2121 1067 2192 Patres
1082 2120 1194 2192 confi-

149 2258 311 2335 »tentnm
340 2245 405 2316 hoc
431 2256 501 2335 est,
528 2244 612 2314 duas
638 2244 886 2316 voluntatcs‘et
902 2247 1116 2339 operationes
1122 2297 1194 2314 .....

151 2369 359 2463 „Propterea
385 2368 554 2438 intentum
582 2366 743 2462 quidem,
772 2380 810 2437 ut
824 2367 952 2438 dictum
969 2379 1039 2453 est,
1064 2367 1196 2437 bonnm

151 2494 378 2564 »existentem
400 2491 486 2586 Typi
508 2489 708 2581 landamns2
737 2490 797 2560 sed
823 2489 966 2560 modum
995 2490 1038 2559 ab
1064 2491 1196 2559 intentu

150 2616 407 2688 »dissonantem
433 2613 638 2702 avertimnr3
666 2615 828 2708 quoniam
855 2612 996 2682 omnino
1012 2624 1062 2682 est
1076 2613 1199 2683 incon-

30 2747 31 2782 *
152 2740 316 2810 »veniens
341 2736 533 2807 Catholicae
559 2735 726 2807 Ecclesiae
752 2734 910 2828 regulae7
944 2737 980 2805 in
996 2760 1063 2829 qua
1080 2738 1200 2832 ntique

152 2861 316 2932 »adversa
342 2859 583 2930 tantummodo
603 2859 747 2953 jubetur
760 2859 880 2928 merito
898 2857 1032 2952 sepeliri
1051 2843 1200 2944 silentio,

30 3059 32 3070 ,
152 3008 249 3056 »non
269 2985 361 3054 enim
375 2981 563 3054 orthodoxa
577 3005 658 3052 cum
675 2982 852 3051 contrariis
869 2979 1026 3051 confiteri
1044 2982 1200 3068 omnino,

154 3120 236 3178 aaut
266 3129 404 3200 quoquo
432 3103 533 3174 modo
558 3103 727 3195 denegare
733 3157 803 3173 .....
857 3101 911 3172 Ab
936 3104 1032 3173 omni
1081 3113 1201 3172 conta-

154 3232 278 3324 ·›gione
292 3230 459 3300 haeretica
477 3213 628 3298 alienum
642 3228 793 3298 consistit
806 3227 952 3297 verbum
965 3224 1199 3314 orthodoxiam

151 3353 270 3449 »qnod
294 3354 367 3424 sine
391 3352 497 3422 dnbio
522 3349 872 3443 intransgressibilitcr
895 3348 1055 3440 confiteri
1067 3350 1102 3418 in
1117 3373 1202 3420 con-

154 3475 322 3547 ulessione
359 3487 495 3546 aeterna
524 3474 679 3545 omnibns
701 3473 876 3567 proecepit
900 3473 1089 3560 Dominus,
1118 3471 1200 3542 dnm

158 3598 289 3668 »dicim
322 3597 390 3682 Qui·
412 3623 475 3668 me,
489 3595 706 3687 confitebitor
729 3619 845 3665 coram
859 3594 1071 3685 homicidam,
1097 3593 1205 3685 corifi·

159 3722 275 3794 »rebor
312 3734 345 3792 ot
369 3747 430 3817 eqo
456 3746 531 3790 eam
556 3745 673 3790 coram
698 3718 802 3789 Potrc
827 3743 919 3808 arco,
948 3718 1073 3810 quiin
1098 3716 1204 3787 coelis

159 3879 173 3906 »
182 3858 252 3933 cat;
265 3846 329 3939 qoc‘
344 3857 459 3914 ocrem
472 3844 649 3940 aeqoaerit
663 3867 716 3913 me
735 3854 768 3913 et
776 3865 947 3912 ammorreo
956 3864 1061 3928 meon
1074 3840 1203 3936 aeqobo

159 3995 259 4040 »com
284 3979 317 4038 et
341 3993 402 4063 eqo
426 3992 542 4037 corono
567 3966 670 4037 Patre
693 3991 789 4052 mco,
817 3964 881 4061 qui
902 3965 941 4032 irc
954 3961 1056 4033 coelic
1070 3961 1142 4033 eot⁷’
1160 3962 1201 4043 ¹).

199 4251 226 4322 r)
263 4249 334 4305 rara.
352 4253 410 4308 aar.
