3092 5000
875 461 922 532 72

373 657 424 698 eos
459 641 490 699 et
513 619 680 700 admoneni
691 684 700 713 ,
725 641 761 699 ut
783 658 801 699 a
825 636 946 720 propria
970 633 1083 702 haeresi
1107 638 1299 721 quiescerent
1328 637 1422 701 etad
1530 699 1531 702 ,

372 742 486 800 rectam
521 736 648 800 Petrum
682 737 774 802 fidem
808 744 992 814 remearent,
1032 739 1108 803 dans
1131 739 1163 802 in
1190 738 1312 803 duobus
1333 737 1425 801 libris

372 843 514 904 sexcenta
534 837 711 902 testimonia
721 838 867 915 Petrum,
880 839 919 900 ad
930 838 1112 905 evictionem
1136 839 1305 924 impietatis
1316 859 1424 904 eornm

372 947 403 1005 et
437 938 573 1003 veritatis
608 938 821 1003 ostensionem.
869 941 954 1021 Quos
978 940 1100 1023 quidem
1133 961 1271 1005 revocare
1294 939 1424 1003 minime

371 1040 484 1118 valuit;
519 1039 683 1103 commovit
713 1046 816 1104 autem
838 1063 889 1104 eos
913 1048 1019 1105 contre
1041 1064 1072 1106 se
1095 1043 1134 1104 ad
1157 1041 1287 1106 insidias
1308 1047 1342 1104 et
1363 1061 1426 1102 ms·

371 1143 488 1228 lignem
512 1140 732 1205 detractionem
739 1164 748 1216 ;
771 1140 825 1205 sed
848 1141 936 1206 nullo
960 1143 1051 1207 modo
1066 1149 1192 1228 propter
1202 1143 1263 1207 hoo
1274 1141 1426 1206 reveritus

372 1251 418 1309 est
441 1242 566 1307 omnino
588 1240 658 1318 ille,
682 1263 738 1305 nec
760 1241 865 1305 timuit
889 1242 1051 1320 timorem,
1076 1243 1130 1307 ubi
1154 1265 1217 1308 non
1242 1249 1289 1307 est
1310 1242 1425 1317 timor,

372 1343 517 1428 quoniam
533 1345 635 1425 jesdas
657 1343 734 1406 siem
758 1343 801 1405 leo
820 1344 952 1426 confidit.

416 1443 486 1512 zelo
533 1448 635 1507 autem
678 1441 737 1506 Dei
770 1449 802 1506 et
834 1444 946 1508 fiducia
980 1444 1131 1529 repletus,
1168 1444 1261 1509 duxit
1295 1466 1344 1507 me
1378 1443 1427 1506 in·
1532 1501 1533 1504 ,

373 1545 501 1630 dignum
525 1549 556 1607 et
579 1541 689 1606 statuit
713 1540 746 1605 in
770 1550 875 1606 sancto
898 1543 1053 1610 Calvariae
1064 1545 1149 1623 loco,
1162 1545 1218 1609 ubi
1230 1550 1356 1630 propter
1368 1565 1427 1608 nos

371 1647 447 1731 ipse,
471 1644 526 1728 qui
550 1665 718 1728 supernos
743 1644 910 1708 secundum
934 1651 1074 1709 naturum
1090 1646 1175 1710 Deus
1191 1652 1255 1723 est,
1268 1644 1427 1709 Dominus

373 1754 476 1811 noster
510 1745 600 1808 Jesus
635 1742 776 1807 Christus
811 1751 920 1828 sponte
950 1745 1085 1830 crucifigi
1109 1747 1279 1810 seeundum
1301 1765 1426 1809 carnem

373 1848 518 1933 dignatus
541 1852 604 1920 est3
629 1850 660 1908 et
681 1843 727 1907 ibi
750 1843 887 1928 alligavit
909 1867 958 1910 me
979 1846 1111 1910 vinculis
1133 1843 1426 1910 indissolubilibus,
1533 1905 1534 1928 ÷

373 1949 495 2012 dicens:
532 1945 600 2021 „Tu
631 1943 718 2008 dabis
741 1944 889 2010 rationem
913 1945 989 2030 ipsi,
1015 1946 1069 2029 qui
1092 1954 1215 2030 propter
1237 1967 1295 2010 nos
1318 1967 1427 2009 secun·
1533 1949 1534 1986 l

375 2101 389 2132 „
402 2049 476 2112 dum
512 2066 632 2108 curnem
664 2044 698 2107 in
732 2044 791 2108 hoc
813 2051 918 2109 sancto
952 2047 1020 2110 loco
1049 2052 1158 2130 sponte
1186 2045 1356 2110 crucifixus
1380 2052 1427 2110 est

375 2149 486 2232 „Deus
497 2194 506 2223 ,
525 2146 647 2228 quando
671 2166 741 2208 cum
763 2144 861 2229 glorie
885 2146 919 2209 in
942 2137 1073 2211 terribili
1096 2147 1162 2229 ejus
1185 2148 1322 2210 adventu
1342 2146 1427 2228 judi-

374 2255 525 2326 „caturus
547 2253 593 2308 est
615 2244 700 2308 vivos
722 2251 753 2308 et
776 2251 928 2322 mortuos,
952 2247 980 2309 si
1002 2246 1158 2310 distuleris
1172 2253 1203 2310 et
1213 2246 1427 2332 postposueris

375 2349 492 2432 „fidem
515 2346 580 2428 ejus
604 2343 845 2429 periclitantem,
870 2345 943 2410 licet
966 2369 1023 2430 ego
1035 2346 1092 2410 hoc
1104 2346 1202 2411 facere
1214 2346 1424 2431 corporaliter.
1534 2435 1535 2438 Ἴ

375 2455 438 2526 „ut
461 2446 563 2522 nosti,
588 2451 712 2530 propter
737 2467 881 2509 emersam
894 2469 930 2510 ex
946 2445 1058 2510 nostris
1069 2447 1202 2531 peccatis
1213 2447 1425 2512 incursionem

376 2549 633 2632 „sarracenorum
666 2545 854 2629 praepedior.
900 2545 1093 2628 Quantocius
1128 2569 1199 2631 ergo
1233 2548 1272 2610 de
1308 2545 1426 2611 finibus

374 2656 498 2724 „terrae
521 2647 559 2708 ad
581 2644 728 2709 terminos
752 2645 816 2728 ejus
839 2645 1018 2723 deambula,
1042 2648 1139 2711 donec
1161 2648 1199 2710 ad
1212 2646 1425 2731 Apostolicam

376 2799 391 2830 ,‚
402 2748 528 2821 Sedem,
552 2745 605 2809 ubi
621 2745 860 2809 orthodoxorum
871 2747 1049 2830 dogmatum
1060 2746 1262 2811 fundamenta
1273 2747 1425 2822 existunt,

373 2846 574 2934 „pervenias,
603 2867 665 2911 non
700 2845 811 2922 semel,
835 2867 898 2909 non
921 2845 985 2923 bis,
1010 2847 1063 2910 sed
1086 2847 1185 2910 multo
1211 2846 1332 2932 saepius
1356 2870 1427 2932 ape-
1535 2927 1536 2934 ἵ

374 2948 483 3030 „riens
517 2945 608 3009 sacris
631 2944 703 3008 viris
725 2944 839 3009 ibidem
864 2946 1102 3012 consistentibus
1125 2947 1229 3011 omnis
1251 2948 1425 3012 secundum
1534 2935 1536 3000 i

374 3099 389 3129 „
401 3046 577 3122 veritatem,
603 3067 680 3128 quae
701 3044 737 3107 in
758 3044 828 3107 istis
851 3046 990 3129 partibus
1004 3053 1087 3111 mota
1099 3054 1191 3124 suut,
1206 3054 1237 3112 et
1248 3069 1312 3111 non
1325 3048 1426 3130 quies·
1535 3119 1536 3130 χ

373 3198 389 3230 „
401 3170 467 3224 cas,
482 3144 648 3210 instantius
671 3150 816 3229 expetens
838 3151 930 3228 atque
953 3168 1081 3210 exorans
1104 3170 1173 3224 ecs,
1185 3148 1284 3212 donee
1304 3170 1342 3212 ex
1354 3169 1426 3232 apo-
1535 3175 1536 3182 ¹

371 3296 389 3324 ,‚
399 3247 507 3312 stolica
530 3243 693 3329 prudentia
701 3291 709 3320 ,
735 3266 812 3327 quae
834 3245 869 3308 in
881 3245 948 3309 Deo
961 3253 1025 3323 est,
1038 3248 1077 3310 ad
1089 3247 1248 3312 victoriam
1270 3246 1425 3331 judicium

371 3347 563 3431 „perducere
597 3343 727 3408 debeant
761 3350 792 3407 et
824 3344 945 3409 noviter
967 3345 1216 3412 introductorum
1240 3349 1424 3432 dogmatum

369 3446 562 3531 „perfectam
597 3443 712 3507 faciant
746 3445 913 3508 secundum
949 3468 1079 3511 canones
1114 3447 1361 3512 destructionem
1394 3455 1425 3512 et

369 3568 455 3622 „ne‚
484 3543 651 3609 secundum
686 3541 768 3625 quod
803 3542 909 3608 beatus
931 3546 1100 3630 Apostolus
1122 3547 1184 3623 ait,
1209 3547 1292 3612 sicut
1316 3570 1425 3612 cancer

370 3666 540 3730 „pascuam
574 3642 608 3705 in
639 3640 771 3726 emplius
794 3641 953 3708 inveniant
977 3647 1173 3731 depascentes
1196 3646 1423 3732 simpliciorum

369 3740 550 3823 „enimes”
701 3745 704 3749 ’

412 3843 513 3926 Igitur
535 3842 569 3905 in
591 3840 639 3904 his
662 3839 877 3925 pertimescens
899 3865 955 3927 ego
977 3852 1069 3928 atque
1080 3847 1281 3931 perterritus,
1294 3855 1423 3934 propter

367 3940 540 4024 impositam
575 3939 650 4002 mibi
695 3939 863 4003 terribilem
912 3941 945 4005 in
978 3947 1137 4011 tremendo
1172 3955 1205 4012 et
1251 3948 1422 4014 venerabili

364 4038 433 4101 loco
469 4038 731 4121 conjurationem,
767 4061 823 4102 nec
857 4062 920 4104 non
954 4049 984 4106 et
1019 4047 1170 4111 creditum
1196 4048 1337 4112 mihies
1362 4049 1421 4112 Dei

364 4136 511 4219 permissu
524 4136 693 4221 episcopale
705 4137 909 4204 ministerium
921 4143 1135 4224 considerans,
1149 4150 1204 4210 sed
1219 4154 1251 4212 et
1263 4148 1418 4235 supplica·
