3092 5000
853 479 900 549 to

353 649 544 742 reprobavit
582 649 791 722 Concilium:
824 677 886 723 cnr
909 678 980 723 non
1005 667 1038 724 et
1061 655 1252 727 Honorium
1277 679 1399 751 repro-

352 771 466 859 barit,
495 772 614 843 eadem
642 774 768 846 scilicet
793 800 832 846 ac
857 777 973 872 Typus
999 776 1207 848 docentem?

401 894 660 967 Conclusionem
687 898 777 968 hanc
801 923 871 969 non
898 923 1018 970 omnes
1035 900 1198 972 Catholici
1216 903 1398 996 scriptores

353 1018 550 1090 admittunt.
579 1021 636 1090 »Si
662 1023 736 1117 quis
762 1022 943 1117 objiciat,''
970 1025 1016 1093 ait
1033 1024 1167 1113 Binius,
1188 1025 1255 1094 »de
1269 1026 1417 1118 episto-'

274 1129 279 1136 ⁵
353 1141 417 1211 »lis
458 1143 618 1235 Honorii,
661 1147 785 1240 quibus
817 1146 861 1216 de
885 1147 950 1216 hac
974 1149 1199 1218 controversia
1224 1146 1398 1220 silentium

353 1267 539 1339 »indicitur
562 1268 803 1359 orientalibus,
835 1269 926 1339 idem
954 1293 1026 1341 esse
1051 1271 1282 1362 sentiendum,
1303 1271 1395 1367 quod

352 1391 420 1463 »de
445 1392 541 1487 Typo
567 1391 759 1464 Constantis
775 1395 810 1462 in
828 1393 1050 1488 synodalibus
1062 1395 1198 1488 judiciis
1214 1393 1396 1466 delinitum

353 1513 461 1603 luit,
490 1514 770 1608 respondendum
796 1528 867 1586 est:
896 1518 959 1587 rub
983 1519 1144 1611 temporis
1158 1519 1399 1605 distinctione,

353 1635 515 1732 »quando
548 1639 640 1706 enim
667 1637 751 1708 haec
776 1640 1001 1709 controversia
1027 1641 1140 1733 coepit
1162 1641 1254 1728 oriri,
1283 1652 1400 1710 sancte

354 1774 412 1832 »et
437 1761 492 1854 pie
518 1759 691 1829 mandavit
724 1759 893 1831 Honorius
928 1761 1019 1856 Papa
1055 1761 1098 1831 de
1133 1785 1171 1832 en
1201 1763 1398 1851 taceri....3

355 1882 517 1978 »quando
543 1894 657 1952 autem
684 1885 814 1953 curiosa
838 1883 1067 1978 disputatione
1101 1883 1270 1954 indictum
1295 1883 1401 1954 silen-

354 2040 368 2067 »
380 2007 464 2075 tium
490 2005 670 2076 adversarii
702 2006 882 2076 violassent
905 2020 938 2076 et
955 2031 1016 2102 per
1031 2007 1186 2102 publicas
1202 2009 1404 2079 assertiones

355 2164 368 2189 »
379 2128 516 2224 publice
529 2126 645 2199 affixas
658 2129 823 2199 haeresim
839 2154 935 2199 snam
948 2129 1235 2223 promulgassent,
1255 2153 1403 2224 eamque

354 2250 605 2322 »Conciliorum
634 2252 808 2320 sententiis
833 2250 1117 2340 confirmassent,
1145 2251 1240 2322 locus
1267 2252 1403 2323 silentio

354 2398 443 2444 »nec
468 2397 540 2444 esse
565 2373 706 2462 debuit,
732 2396 845 2466 neque
866 2396 938 2443 esse
963 2373 1140 2468 potuit’⁷¹).

404 2495 550 2584 Ceteris,
586 2519 673 2588 qnae
710 2498 746 2565 in
779 2496 869 2566 hanc
894 2499 1153 2592 responsionem
1179 2496 1407 2567 animadverti

356 2629 515 2711 possent,
551 2618 701 2707 omissis,
736 2618 820 2688 haec
852 2619 921 2689 duo
946 2632 1063 2689 tamen
1089 2619 1271 2689 observare
1296 2618 1402 2707 volo,

356 2763 503 2833 quorum
531 2739 680 2833 primum
704 2765 773 2810 non
790 2742 900 2834 ipsum
919 2741 1050 2811 Binium
1064 2798 1074 2833 ,
1090 2743 1148 2836 qui
1162 2743 1248 2812 sexti
1261 2741 1407 2814 Concilii

355 2875 441 2932 acta,
463 2874 623 2955 corrupta
657 2885 729 2932 esse
761 2865 882 2952 sentit,
920 2865 979 2933 sed
1004 2889 1062 2935 eos
1087 2877 1243 2935 auctores
1269 2863 1403 2953 afficit,

356 2987 433 3080 qui,
472 2986 617 3056 admissa
655 2987 778 3057 horum
816 3000 971 3058 actorum
999 2991 1214 3082 integritate,
1253 2989 1407 3060 eandem

356 3121 471 3179 tamen
498 3108 590 3178 illam
618 3111 871 3204 responsionem
903 3125 1116 3206 proponunt.
1145 3112 1303 3201 Scilicet,
1325 3137 1408 3184 cum

356 3256 417 3319 ea,
449 3257 536 3326 quac
569 3231 718 3302 Concilio
751 3232 908 3302 Generali
939 3233 1085 3304 debetur
1111 3237 1299 3306 reverentia
1326 3221 1408 3323 rin,

357 3366 417 3423 aot
442 3377 487 3423 ne
512 3355 565 3422 vix
593 3353 754 3448 quidem,
783 3357 943 3448 componi
969 3379 1069 3448 posse
1097 3357 1231 3428 videtur
1261 3380 1410 3456 respon-

357 3499 456 3561 sum,
497 3497 539 3543 ex
577 3497 645 3567 qno
680 3487 898 3569 sequeretur,
927 3488 1060 3546 sextum
1087 3477 1303 3568 Concilium,
1328 3465 1409 3551 cnm

358 3595 549 3665 Honorium
601 3599 742 3688 ejusque
791 3595 902 3667 literas
956 3599 1158 3689 damnaret,
1217 3627 1290 3673 non
1330 3589 1409 3672 satis

358 3716 542 3787 attendisse
566 3715 611 3784 ad
637 3718 798 3810 temporis
825 3717 1098 3810 distinctionem,
1126 3724 1202 3816 quis
1221 3725 1314 3792 enim
1334 3724 1410 3793 ani·

358 3863 436 3908 mus
473 3862 552 3908 vere
590 3837 781 3908 Catholicus
818 3839 861 3908 ab
886 3842 1077 3914 accusando
1103 3843 1255 3915 Concilio
1279 3845 1325 3916 de
1351 3843 1409 3914 tali

397 4129 426 4195 1)
461 4127 555 4184 Labbc
582 4130 620 4194 V,
649 4131 726 4183 1846.
763 4129 816 4183 His
842 4130 938 4188 similia
967 4135 1067 4191 habent
1092 4141 1135 4206 (ut
1154 4139 1188 4194 de
1207 4137 1410 4210 antiquioribus

362 4212 477 4280 taceam)
495 4211 670 4267 Rchrbechor
689 4211 728 4278 X,
748 4213 799 4264 170
818 4216 845 4266 et
861 4213 1006 4283 Constant,
1025 4237 1068 4294 op.
1087 4221 1132 4277 cit.
1150 4223 1212 4280 211.
