3092 5000
860 443 909 516 90

361 612 510 684 dosioab
522 615 731 709 Imperatore
743 617 787 686 ad
804 618 993 690 Maximum
1010 619 1170 711 directis,
1191 587 1271 692 cum
1288 635 1410 693 sancto

361 735 495 808 Abbate
519 762 643 809 novam
669 738 788 822 habuit
812 741 856 812 de
870 741 938 814 fide
951 743 1255 838 disceptationem,
1279 768 1320 816 ex
1338 769 1410 842 qua

361 861 537 954 sequentia
562 860 813 956 depromimus.
1256 861 1260 868 ’

408 1107 590 1170 lbecdcsins.
634 1104 693 1170 Per
733 1106 855 1186 Deum,
880 1107 935 1191 qui
969 1117 1017 1172 ine
1047 1109 1240 1193 judicaturus
1273 1117 1341 1189 est,
1379 1118 1413 1176 et

363 1207 487 1293 quando
508 1206 607 1270 factus
630 1213 677 1271 est
699 1206 766 1271 dixi
796 1215 827 1273 et
849 1230 933 1274 nunc
954 1209 1090 1295 idipsum
1113 1210 1203 1288 dico,
1228 1211 1301 1295 quis
1327 1212 1412 1276 male

361 1316 393 1374 et
416 1309 453 1373 ad
477 1307 642 1372 laesionem
665 1308 832 1372 multorum
854 1310 954 1375 tactus
977 1317 1022 1376 ert
1045 1312 1160 1396 Typus.
1184 1311 1300 1377 Verum
1322 1336 1410 1378 occa·

364 1410 409 1475 sio
433 1410 514 1474 factu
536 1416 598 1486 est,
620 1416 656 1473 ut
679 1417 881 1494 exponeretur
903 1412 1020 1477 alterna
1042 1412 1082 1476 lis
1105 1414 1345 1478 orthodoxorum
1358 1438 1410 1479 su·

362 1534 416 1597 per
438 1509 667 1596 operationibus
690 1518 721 1576 et
730 1511 941 1579 voluntatibus
961 1513 1192 1579 altercantium:
1205 1522 1236 1580 et
1248 1522 1286 1579 ut
1298 1539 1408 1582 omnes

361 1636 435 1700 pace
457 1619 565 1676 mutua
586 1611 777 1690 fruerentur,
802 1613 1068 1682 consideraverunt
1092 1616 1218 1700 quidam
1228 1617 1411 1702 hujusmodi

361 1737 449 1780 voces
472 1713 595 1777 silentio
618 1713 868 1798 comprimendas.

408 1816 570 1881 Mnm'mne.
616 1816 658 1878 ut
691 1815 761 1898 quis
794 1816 932 1881 fidelium
966 1817 1100 1904 suscepit
1130 1819 1411 1904 dispensationem,

362 1917 457 1984 taceri
490 1916 653 1980 facientem
686 1938 790 1994 voces,
826 1940 901 2000 quas
924 1917 986 1982 dici
1009 1941 1063 2004 per
1085 1920 1238 2004 apostolos
1276 1921 1311 1984 'et
1342 1943 1416 2006 pro
1533 1971 1534 1974 η

363 2020 471 2106 phetas
515 2024 606 2101 atque
641 2018 781 2082 doctores
814 2018 898 2083 Deus
932 2021 1071 2085 omnium
1108 2020 1324 2106 dispensavit?
1371 2023 1415 2086 Et
1533 2069 1534 2100 ,

363 2120 580 2206 inspiciamus,
616 2118 739 2183 domine
772 2130 898 2204 magne,
932 2120 966 2185 in
1000 2123 1083 2204 quod
1120 2121 1234 2186 malum
1269 2123 1416 2188 deveniat
1533 2141 1534 2146 ’

363 2228 527 2287 tractatum
563 2219 733 2306 capitulum
772 2220 858 2283 istud
861 2269 914 2286 .....
971 2221 1073 2307 Igitur
1107 2223 1162 2307 qui
1194 2222 1306 2308 pariter
1340 2246 1413 2288 cum

364 2322 498 2388 scelestis
532 2329 563 2386 et
593 2319 763 2386 immundis
785 2321 945 2386 haereticis
977 2330 1098 2387 sanctos
1133 2325 1221 2408 ejecit
1252 2323 1414 2409 (suscipite

366 2447 413 2490 me
436 2422 588 2488 dicentem
611 2422 800 2506 veritatem),
824 2422 924 2487 Deum
947 2423 1068 2507 liquido
1081 2447 1150 2488 cum
1164 2423 1415 2510 diabolopariter

366 2525 580 2592 condemnavit
583 2572 636 2588 .....
681 2523 819 2601 Jubetis,
851 2530 888 2587 ut
917 2524 990 2588 haec
1014 2525 1126 2610 scripta
1148 2525 1183 2590 in
1206 2525 1286 2590 libro
1309 2527 1413 2590 cordis

366 2626 427 2692 mei
459 2624 591 2702 habens,
626 2625 780 2710 ingrediar
810 2630 842 2688 et
864 2626 1067 2690 communicem
1089 2627 1122 2690 n‘n
1144 2628 1277 2691 Ecclesia
1297 2628 1331 2690 c'n
1352 2651 1415 2712 qna

365 2731 437 2792 hacc
454 2719 682 2809 praedicantur,
706 2731 737 2790 et
759 2728 829 2790 fiam
854 2728 1094 2792 communicator
1119 2750 1241 2806 eorum,
1266 2728 1321 2812 qui
1333 2751 1415 2792 vera-

367 2831 442 2897 citer
465 2827 590 2913 quidem
613 2828 714 2892 Deum
723 2875 733 2904 ,
756 2826 833 2891 falso
852 2848 922 2892 vero
934 2828 1091 2893 diabolum
1104 2852 1174 2894 cum
1186 2829 1252 2894 Deo
1263 2829 1415 2914 ejiciunt?

366 2933 416 2998 Ne
438 2932 491 2995 fiat
514 2928 591 2994 mihi
614 2951 632 2992 a
654 2928 738 3006 Deo,
763 2927 818 3011 qui
839 2935 965 3014 propter
988 2952 1036 2995 me
1060 2932 1230 2995 secundum
1251 2931 1414 2996 mefaetus

368 3040 415 3098 est
437 3031 550 3116 absque
572 3035 708 3115 peccato.
755 3029 808 3112 (Et
830 3052 912 3116 genu
935 3031 1015 3095 flexo
1038 3032 1145 3116 dixit):
1172 3032 1332 3115 Quidquid
1350 3034 1415 3117 jus·

367 3134 466 3200 seritis
499 3133 531 3199 in
566 3154 685 3198 servum
719 3137 853 3196 vestrum
882 3132 996 3209 facere,
1020 3132 1122 3197 facite.
1168 3133 1234 3218 Ego
1267 3133 1333 3211 his,
1358 3135 1414 3218 qui

367 3238 441 3302 haec
475 3233 646 3318 recipiunt,
681 3254 854 3318 numquam
879 3233 1118 3298 communicabo.
1165 3234 1217 3317 (nt
1240 3256 1295 3298 ceu
1318 3234 1417 3319 gelidi
1532 3283 1533 3316 3

367 3337 443 3402 tacti
467 3334 645 3420 superbis,
671 3356 748 3418 quae
771 3334 855 3398 dicto
876 3334 1016 3412 fuerant,
1041 3336 1181 3400 deorsum
1206 3335 1306 3420 capita
1332 3358 1414 3399 sum·
1532 3359 1533 3362 ¹

369 3438 544 3512 mittentes,
568 3436 721 3499 siluerunt
740 3457 794 3520 per
814 3435 945 3500 multam
967 3436 1091 3513 horam,
1111 3443 1142 3501 et
1164 3459 1302 3502 annuens
1320 3443 1414 3521 atque
1532 3429 1533 3452 ¹

368 3537 508 3604 abbatem
534 3536 708 3600 Maximum
732 3536 868 3600 intuitus
891 3536 973 3601 dixit
983 3539 1002 3621 ε)

415 3639 598 3704 Theodosius.
644 3637 712 3700 Nos
745 3637 805 3702 fide
839 3637 970 3701 dicimus
1002 3637 1061 3702 tibi
1091 3639 1251 3704 dominum
1275 3645 1414 3703 nostrum

368 3743 602 3827 Imperatorem,
628 3739 710 3822 quod
734 3747 762 3802 tc
784 3741 1013 3804 communicante
1036 3740 1128 3804 tollat
1147 3741 1279 3826 Typum.

415 3842 577 3907 Mcm'mns.
624 3839 762 3903 Multum
787 3839 887 3904 adhuc
909 3839 1061 3904 distamus
1091 3840 1129 3905 ab
1152 3841 1293 3906 invicem.
1331 3840 1413 3923 Quid

324 3989 328 3993 ,
369 3944 516 4008 faciemus
548 3942 586 4006 de
609 3942 787 4006 confirmata
810 3941 954 4026 synodice
976 3964 1048 4007 voce
1071 3943 1164 4006 unius
1186 3943 1357 4007 voluntatis
1379 3943 1413 4005 in

371 4043 550 4129 ejectionem
574 4043 675 4108 omnis
699 4042 883 4128 operationis
906 4065 924 4106 a
946 4044 1069 4130 Sergio,
1094 4044 1228 4130 Pyrrho,
1250 4043 1414 4112 acPaulo?

416 4146 597 4220 Zbcodom‘ns,
642 4143 703 4216 Illa
726 4145 831 4217 charta
853 4144 993 4238 deposita
1015 4153 1063 4210 est
1093 4153 1124 4212 et
1145 4147 1288 4232 projecta.
