3092 5000
672 458 918 528 ,170

369 629 538 694 beatissimi
561 631 660 716 Papae
684 639 881 718 congregatae
904 633 938 696 in
962 632 1041 696 hanc
1063 630 1222 714 antiquam
1242 627 1422 710 almamque

369 731 476 796 urbem
499 732 646 812 Romam,
671 757 726 820 pro
750 733 981 799 confirmatione
994 755 1076 796 sacra
1087 739 1119 797 ct
1130 729 1308 797 defensione
1319 734 1424 813 pater·

369 856 476 898 narum
501 840 532 898 et
554 835 748 919 synodalium
771 835 944 900 Catholicae
966 832 1117 898 Ecclesiae
1141 830 1358 896 definitionum
1369 828 1424 892 vel

370 934 652 1021 promulgationum
660 963 670 1013 ,
692 937 882 1022 Stephanus,
901 958 956 1021 per
974 933 1213 999 misericordiam
1224 930 1284 995 Dei
1294 929 1428 1029 Episco-

369 1058 428 1121 pus
472 1042 505 1099 et
536 1036 654 1121 primns
687 1037 981 1123 Hierosolymitanae
1023 1033 1257 1100 sacerdotalium
1291 1030 1423 1096 Sedium

270 1182 272 1186 .
370 1137 503 1201 existens
526 1137 714 1216 dioeceseos,
738 1161 883 1224 suggero,
909 1161 986 1222 quae
1009 1137 1113 1202 subter
1136 1137 1255 1200 adnarm
1272 1138 1358 1196 sunt.
1412 1201 1414 1206 ,

416 1250 593 1315 Benedictus
626 1252 709 1316 Deus
742 1260 771 1316 et
802 1255 892 1317 Puter
922 1253 1046 1315 Domini
1068 1251 1163 1314 riustri
1186 1251 1259 1312 Jeeu
1288 1246 1422 1322 Christi,

372 1353 463 1415 Puter
484 1351 703 1416 miserationum
736 1360 765 1417 et
794 1355 876 1418 Deru
905 1354 995 1418 totius
1029 1349 1253 1425 comototionio,
1277 1348 1328 1430 qui
1354 1369 1423 1410 con·

368 1453 479 1516 solutus
503 1460 546 1517 est
567 1475 634 1530 noo,
647 1475 701 1537 per
712 1454 947 1518 sacratissimum
958 1453 992 1518 in
1004 1453 1139 1537 idipsum
1150 1457 1182 1515 et
1198 1447 1423 1514 sacerdotalem

369 1559 554 1616 conventum
572 1553 751 1618 sanctitatis
762 1553 905 1631 Vestrae,
928 1555 961 1618 iu
984 1554 1063 1617 omni
1085 1551 1277 1616 tribulatione
1300 1555 1423 1624 nostru,

371 1673 448 1735 quae
470 1653 550 1717 facta
572 1660 619 1718 est
641 1654 729 1718 nobis
751 1661 875 1740 propter
887 1661 1024 1718 sanctam
1036 1652 1226 1717 Catholicam
1238 1651 1304 1734 ejus
1315 1648 1424 1713 Eccle-

369 1752 462 1831 siam,
489 1753 527 1818 ab
550 1755 778 1820 adversantibus
808 1755 898 1820 verbo
921 1755 1002 1820 fidei.
1037 1754 1127 1818 Hanc
1149 1751 1278 1829 etenim,
1302 1749 1425 1814 Bestia

370 1853 457 1930 simi,
477 1853 513 1917 in
541 1876 614 1938 pace
637 1862 668 1919 et
690 1856 913 1939 tranquillitate
943 1854 1160 1919 consistentem
1183 1851 1282 1916 veluti
1305 1852 1426 1915 fluctus
1469 1870 1471 1873 ·

368 1952 517 2018 immanes
549 1955 700 2020 irruentes
730 1979 783 2041 per
806 1978 893 2020 suam
913 1955 1062 2020 haeresim
1085 1952 1305 2048 turbaverunt,
1330 1951 1423 2035 prius

368 2053 494 2138 quidem
517 2055 694 2119 Theodorus
709 2057 932 2121 Pharanitanae
945 2055 1097 2120 Ecclesiae
1119 2055 1276 2137 qnondam
1292 2051 1423 2137 Episco-

367 2177 454 2240 pus:
497 2156 693 2240 postmodum
728 2163 830 2222 autem
872 2157 971 2241 Cyrus
1003 2154 1234 2220 Alexandrinus
1268 2152 1422 2228 antistes,

367 2255 443 2319 item
465 2254 588 2340 Sergius
606 2255 981 2341 Constantinopolitanus,
1005 2279 1128 2321 necnon
1150 2276 1340 2320 successores
1351 2253 1422 2337 ejus

367 2355 503 2438 Pyrrhus
527 2361 558 2418 et
580 2355 705 2420 Paulus.

412 2453 457 2518 Hi
479 2476 610 2537 namque
632 2455 820 2540 Apollinaris
842 2463 874 2520 et
901 2457 1001 2521 Severi
1021 2457 1165 2540 dogmata
1188 2455 1422 2520 haereticorum

368 2577 511 2620 renovare
544 2556 611 2619 ausi
645 2563 734 2648 sunt,
764 2579 818 2642 per
839 2558 915 2634 hoc,
939 2558 1023 2642 quod
1044 2557 1300 2642 praedicaverunt
1322 2578 1423 2620 unam
1543 2625 1544 2640 ἢ

368 2655 558 2718 voluntatem
581 2662 612 2719 et
634 2657 838 2740 operationem
849 2657 1021 2721 divinitatis
1039 2669 1069 2723 et
1081 2657 1287 2722 humanitatis
1299 2656 1423 2722 Christi
1543 2655 1544 2658 ’

367 2755 586 2838 dogmatizare,
610 2777 739 2838 quorum
762 2755 875 2841 scripta
896 2764 1050 2822 testantur
1073 2765 1181 2823 contra
1199 2781 1323 2822 omnem
1335 2779 1424 2842 prae·

367 2853 545 2918 seminatam
579 2854 681 2919 orbem
714 2862 879 2934 terrarum,
910 2859 949 2920 ad
971 2858 1184 2943 deceptionem
1207 2857 1422 2942 simplicium3
1541 2865 1542 2868 ’

367 2953 420 3038 qui
454 2954 639 3018 studuerunt
669 2977 732 3019 non
766 2957 865 3020 solum
889 2980 1039 3042 exponere
1061 2960 1207 3024 audacter
1230 2965 1262 3023 et
1284 2957 1423 3022 conscri-

365 3053 452 3130 bere,
477 3053 527 3117 sed
552 3060 583 3117 et
605 3053 760 3140 divulgare
772 3063 877 3121 contra
887 3064 1028 3141 paternas
1040 3065 1071 3123 et
1083 3060 1247 3144 synodales
1260 3057 1422 3122 Ecclesiae

366 3152 579 3218 institutiones
613 3154 646 3217 in
669 3149 773 3239 aperto
796 3156 857 3220 nisi
880 3163 970 3234 sunt,
994 3164 1025 3223 at
1047 3165 1112 3222 tam
1129 3182 1184 3244 per
1207 3157 1420 3244 capitulorum
1543 3247 1544 3250 Ἴ

366 3253 474 3318 seriem
496 3276 586 3338 super
608 3254 735 3319 ambone
758 3278 829 3320 cum
849 3257 1053 3322 anathematis
1071 3259 1213 3338 vinculo,
1227 3259 1283 3344 qui
1298 3259 1422 3323 sicnon
1543 3253 1544 3270 ¹

367 3358 499 3437 saperet,
535 3359 567 3417 at
600 3355 767 3418 secundum
789 3377 913 3419 sensum
935 3379 1041 3421 eorum
1059 3359 1235 3436 recitatam,
1261 3381 1422 3444 quamque

367 3473 421 3536 per
454 3453 620 3516 sententias
646 3460 677 3518 et
700 3453 937 3539 subscriptiones
961 3480 996 3520 ac
1025 3466 1185 3543 gestorum
1214 3459 1421 3524 monimenta.
1543 3489 1544 3492 ¹

368 3551 415 3614 Ac
458 3573 512 3635 per
554 3551 613 3615 hoc
655 3552 826 3618 universam
867 3555 1058 3622 Catholicam
1093 3559 1264 3624 Ecclesiam
1297 3559 1333 3623 in
1370 3559 1422 3624 his
1541 3557 1542 3560 ’

369 3650 623 3714 conturbantibus
656 3653 829 3717 memoratis
862 3655 951 3733 viris,
980 3656 1070 3740 juxta
1094 3660 1178 3743 qnod
1201 3659 1313 3724 beatus
1337 3661 1423 3724 Jere·

368 3749 445 3812 mias
466 3750 584 3832 inquit:
635 3753 757 3836 Cory‘uai
777 3775 891 3830 sumus,
914 3757 985 3839 quic
1008 3760 1178 3824 audiuimus
1188 3761 1420 3843 improperium:

370 3849 574 3932 dereliquimus
605 3852 638 3913 in
671 3852 839 3934 congustum
873 3857 987 3920 uultum
1010 3866 1160 3937 nostrum,
1192 3861 1272 3945 quio¹
1295 3862 1419 3926 introie-

371 3953 442 4007 rmut
464 3947 643 4028 utieniyenoe
664 3951 696 4014 in
718 3953 919 4017 sanctuarinm
941 3965 1084 4023 nostrum.

415 4042 456 4106 Et
488 4053 645 4130 propterea
667 4048 831 4133 aliquando
856 4052 981 4136 quidem
1003 4080 1115 4141 aquam
1138 4060 1235 4146 capiti
1262 4067 1296 4124 et
1320 4060 1419 4125 oculis
1538 4108 1542 4137 ,

371 4141 471 4205 fontes
504 4143 703 4231 lacrymarum
736 4151 984 4237 exquirebamus,
1019 4158 1137 4247 ubique
1172 4183 1282 4226 omnes
1313 4161 1420 4226 fideles
