3092 5000
893 490 965 562 100

374 711 377 718 ·
406 691 501 739 »non
515 680 549 737 et
566 666 674 762 Cyrus
691 666 866 762 quondam
885 663 1112 736 Alexandnae
1128 666 1270 735 civitatis
1287 665 1450 755 antistes,

402 791 569 884 »insuper
610 802 645 860 et
686 788 907 879 Theodorus,
951 790 1009 883 qui
1048 786 1111 859 fuit
1148 787 1336 882 Episcopus
1369 788 1453 858 civi-

400 914 522 1002 »tntis‚
550 915 649 1005 cujus
674 910 880 983 vocabulum
907 923 958 982 est
982 909 1139 1000 Pharan,
1167 923 1201 980 et
1218 909 1274 980 alii
1291 910 1448 1006 quidam,

401 1034 483 1129 oqui
507 1056 564 1104 eos
590 1035 697 1105 secuti
721 1045 864 1105 sunt....
891 1031 1064 1104 multoties
1088 1032 1198 1104 servili
1215 1045 1338 1119 vestra,
1359 1055 1449 1128 quae

400 1155 615 1227 »secundum
649 1180 712 1228 nus
742 1169 810 1247 est,
838 1154 1033 1251 Apostolioa
1057 1155 1145 1227 Sede
1170 1154 1214 1227 de
1238 1156 1304 1226 hac
1328 1155 1449 1251 repul·

400 1292 541 1370 assuto,
569 1278 695 1350 dehine
719 1279 937 1375 supplicante
961 1293 996 1350 et
1022 1281 1164 1350 minime
1188 1279 1324 1351 valente
1338 1304 1449 1376 usque

399 1400 589 1472 »haetenus
611 1401 706 1472 atali
721 1424 824 1474 sensu
841 1425 965 1498 pravae
979 1403 1218 1474 aestimationis
1243 1425 1302 1474 eos
1314 1401 1446 1473 abstra-

399 1523 536 1606 „here”
566 1525 604 1613 ¹).

447 1645 497 1716 Ex
535 1647 718 1742 praedietis
755 1650 800 1720 ito
826 1647 1077 1720 concludimus.
1120 1647 1316 1720 Haeretieos
1348 1648 1446 1720 nullo

400 1793 566 1865 umquam
606 1782 763 1865 tempore
803 1793 867 1868 pro
898 1771 1059 1842 damnato
1097 1796 1157 1843 suo
1183 1772 1281 1867 Typo
1306 1771 1447 1844 Honoiii

400 1893 634 1964 auctoritatem
669 1895 863 1985 invocasse,
900 1894 1085 1988 Agathonis
1109 1895 1222 1989 Papae
1254 1895 1361 1966 verba
1396 1896 1447 1965 in·

400 2015 581 2086 victissime
619 2018 817 2089 ostendunt.
869 2017 974 2114 niqui
1011 2020 1038 2090 si
1062 2017 1186 2107 verba,
1221 2017 1309 2113 Typi
1336 2017 1447 2089 verbis

399 2137 541 2229 similia,
588 2163 751 2235 umquem
785 2143 991 2236 sumpsissem
1019 2165 1079 2230 eo,
1107 2153 1273 2236 utsupra
1299 2138 1446 2211 demon-

400 2272 543 2331 stratum
582 2274 652 2350 est,
693 2286 763 2333 non
788 2264 946 2335 invocare
970 2287 1042 2334 non
1069 2264 1257 2357 potuissent
1273 2261 1445 2333 haeretici.

401 2383 510 2454 Verba
550 2385 672 2476 igitur,
716 2385 814 2480 Typo
839 2385 982 2475 similia,
1010 2408 1099 2480 quae
1123 2385 1228 2457 literis
1252 2388 1328 2479 ejus
1354 2408 1445 2456 nunc

402 2507 640 2597 continentur,
669 2533 739 2580 non
765 2510 937 2604 scripsisse
962 2507 1128 2581 dicendus
1152 2520 1204 2582 est
1228 2507 1412 2579 Honorius.

400 2688 640 2701 unq-*m

437 2772 738 2843 nfflmm
