3092 5000
155 636 195 699 ad
222 635 376 720 Vigilium
405 643 436 702 et
460 638 537 702 duos
561 635 685 701 libellos
709 635 837 720 quasia
871 633 989 720 Vigilio
1011 637 1049 700 ad
1073 635 1205 701 Justini-

155 759 250 801 anum
273 744 304 802 et
326 739 520 802 Theodoram
542 737 629 802 divae
656 737 827 802 memoriae.

174 903 175 906 ,
203 837 389 917 Macrobius,
413 838 681 904 reverendissimus
704 837 874 923 Episcopus
886 837 1040 904 Seleuciae
1051 836 1204 915 Isauriae,

155 950 254 1016 dixit:
278 953 414 1038 Suggero
436 959 551 1018 vestrae
574 952 688 1038 gloriae
711 959 742 1016 et
764 951 837 1016 huic
860 957 965 1017 sancto
982 959 1073 1036 atque
1085 951 1205 1016 univer·

156 1052 215 1116 sali
248 1052 405 1131 Concilio,
442 1055 525 1138 quod
558 1053 696 1138 pervenit
726 1052 764 1116 ad
798 1075 847 1117 me
880 1053 958 1118 liber
981 1053 1079 1118 sancti
1102 1051 1205 1137 quinti

156 1153 309 1233 Concilii,
333 1156 424 1218 datus
447 1154 524 1219 mihi
546 1177 564 1218 a
587 1154 719 1238 quodam
742 1153 889 1239 Philippo
911 1156 1058 1240 magistro
1069 1153 1207 1219 militum

156 1253 326 1340 imperialis
357 1255 508 1341 obsequii.
543 1257 644 1338 Quam
665 1254 819 1339 relegens,
842 1255 948 1320 inveni
970 1278 1041 1320 eum
1063 1255 1208 1319 falsatum

156 1377 221 1420 esse
254 1356 290 1420 in
320 1356 450 1442 septima
483 1355 613 1420 actione.
658 1356 700 1420 Et
722 1355 913 1440 interrogans
936 1357 1067 1420 eundem
1089 1354 1208 1440 Philip·

156 1478 249 1541 pnmr
297 1457 402 1540 „Quia
435 1457 529 1522 alicui
563 1456 677 1522 dedisti
709 1455 793 1521 hunc
815 1453 982 1521 librumP”
1005 1455 1086 1519 dixit
1108 1454 1203 1519 mihi:

156 1557 264 1640 „Quia
295 1560 458 1641 Stabiano,
493 1558 645 1643 discipulo
668 1558 818 1636 Mercurii,
843 1580 914 1622 eum
936 1555 1038 1622 dedi.''
1083 1557 1204 1622 Literae

156 1679 246 1737 vero,
279 1659 315 1723 in
347 1659 458 1744 quibus
492 1659 609 1723 falsitas
641 1658 715 1724 libri
744 1659 826 1723 iacta
844 1665 907 1736 cst,
932 1657 1073 1744 propriae
1094 1678 1204 1721 manus

159 1759 288 1844 Georgii
320 1761 462 1825 monachi
495 1767 563 1825 cata
596 1759 766 1824 Macarium
799 1767 879 1826 certe
913 1767 996 1824 sunt.
1051 1757 1204 1844 [Georqii,

162 1862 298 1926 Masurii
330 1863 484 1945 dissupati,
519 1862 571 1948 qai
603 1863 681 1927 inter
714 1870 881 1939 commotos,
914 1864 950 1925 de
983 1861 1087 1947 quibua
1118 1882 1209 1942 supra

161 1963 288 2044 opimus,
324 1965 477 2047 occurrit]
525 1963 605 2046 Quia
635 1986 706 2027 cum
737 1970 815 2028 essct
838 1962 1015 2026 Patriarcha
1036 1983 1122 2027 meus
1143 1961 1213 2046 ipse'

161 2065 335 2142 Macarius,
365 2064 558 2151 ingrediebar
579 2064 615 2129 in
638 2065 763 2129 domum
787 2064 852 2148 ejus
875 2070 906 2128 et
928 2061 1111 2148 aspiciebam
1134 2083 1206 2126 eun·

160 2164 231 2229 dem
259 2167 413 2248 Georqtcm
435 2166 619 2231 monachum
642 2165 761 2250 saepius
784 2165 965 2230 scribentem
972 2189 982 2242 ;
1005 2162 1207 2228 etscioaocu·

162 2272 228 2330 rate
239 2315 248 2344 ,
268 2267 340 2350 quia
372 2267 510 2352 propriae
534 2267 599 2352 ejus
632 2289 742 2331 manus
775 2272 857 2330 sunt.
903 2267 979 2330 Peto
1013 2264 1118 2347 itaque
1140 2269 1205 2326 tam

159 2373 292 2432 vestram
314 2368 441 2453 gloriam
472 2391 624 2452 quamque
647 2374 787 2433 sanctum
808 2366 996 2443 Concilium,
1021 2371 1057 2430 ut
1079 2366 1118 2429 ad
1147 2386 1208 2428 me·

161 2467 248 2532 dium
282 2469 384 2534 veniat
414 2469 637 2554 suprascriptus
668 2467 819 2554 Georgius
841 2467 1009 2532 monachus
1032 2473 1064 2531 et
1087 2466 1125 2530 de
1146 2465 1206 2529 hoc

160 2569 379 2655 interrogetur.
1146 2580 1148 2586 '

208 2671 427 2736 Gloriosissimi
459 2671 577 2756 judices
610 2678 642 2736 et
676 2677 816 2738 sanctum
846 2672 1020 2738 Concilium
1043 2671 1205 2737 dixerunt:

163 2772 332 2858 Georgius,
355 2772 517 2858 religiosus
541 2774 724 2852 monachus,
749 2775 836 2860 cujus
859 2774 976 2840 mentio
998 2774 1079 2839 iacta
1097 2779 1160 2851 est,
1173 2772 1207 2836 in

164 2873 300 2939 medium
322 2874 450 2951 veniat„
479 2874 522 2938 Et
544 2874 699 2962 ingressus
721 2882 778 2940 est.

165 3075 206 3140 In
228 3077 329 3142 medio
353 3077 507 3142 assistenti
530 3077 683 3163 Georgio,
706 3063 849 3162 religioso
873 3077 1044 3154 monacho,
1067 3098 1208 3162 praesens

163 3175 242 3242 liber
276 3179 473 3254 ostendatur,
507 3183 544 3242 ut
578 3183 756 3262 cognoscat,
792 3177 818 3240 si
851 3177 957 3244 literae
979 3177 1119 3263 propriae
1142 3177 1207 3261 ejus

164 3299 273 3343 manus
314 3285 404 3358 sunt,
443 3300 520 3362 quae
561 3284 632 3363 post
665 3278 909 3344 additamentum
942 3276 977 3343 in
1011 3283 1098 3342 sexto
1133 3277 1208 3342 folio

163 3379 292 3465 scriptae
315 3387 397 3446 sunt.

209 3481 375 3565 Georgius,
388 3479 547 3566 religiosus
559 3479 745 3557 monachus,
756 3480 882 3548 intuens
892 3481 927 3546 in
939 3482 1070 3546 eundem
1082 3480 1206 3559 librum,

165 3579 263 3645 dixit:
288 3581 348 3645 Hic
370 3581 461 3658 liber,
486 3579 540 3664 qui
562 3601 647 3644 nunc
669 3581 806 3666 prolatus
829 3582 1209 3648 estaMacrobiosanctis·

163 3681 241 3746 simo
272 3681 514 3769 Metropolitano
544 3680 697 3746 Seleuciae
727 3683 864 3767 mihique
887 3690 1026 3749 ostensus
1048 3689 1112 3761 est,
1136 3683 1207 3747 Phi·

162 3781 242 3867 lippi
265 3783 404 3869 magistri
426 3782 561 3847 militum
582 3781 749 3868 imperialis
769 3783 905 3868 obsequii
925 3792 998 3850 erat.
1022 3784 1206 3870 Ipseautcm

162 3882 326 3969 Philippus
356 3884 476 3949 vicinus
507 3889 571 3949 erat
592 3884 629 3948 de
652 3890 737 3968 parte
762 3887 902 3969 neptm
925 3886 1070 3970 [Graecez
1093 3886 1208 3951 ciriaca

161 3985 246 4065 μαῖ’
294 3987 467 4070 Stephana]
503 3984 557 4069 qui
588 3983 698 4048 cecidit
729 3991 796 4050 eata
818 3989 988 4052 Memorium
1010 3986 1206 4052 haereticum.

166 4085 298 4166 Quando
332 4109 404 4172 ergo
437 4086 518 4152 facta
552 4090 598 4150 est
631 4084 769 4167 quaestio
803 4086 885 4152 inter
917 4087 1128 4167 Theodorum,
1153 4087 1208 4173 qui

161 4183 262 4249 fuerat
295 4187 472 4253 Patriareha
494 4211 513 4252 a
533 4187 599 4252 Deo
623 4188 842 4253 conservandae
865 4187 958 4276 hujus
980 4189 1080 4275 rogiae
1105 4189 1206 4268 urbis,
