3140 5004
658 454 701 522 17

150 628 342 708 voluntatis,
366 633 418 697 sed
443 615 679 717 dispensationis
702 629 904 696 humanitatis
927 639 1108 718 assumptae.
1132 635 1198 699 Ista

152 730 235 794 enim
265 740 390 819 propter
410 756 467 797 nos
489 733 679 809 dictasunt,
704 731 815 815 quibus
838 733 925 797 dedit
948 734 1137 820 exemplum,
1161 744 1197 800 ut

151 854 315 915 sequamur
335 834 463 920 vestigia
485 834 566 918 ejus,
590 833 659 918 pius
683 833 827 918 magister
849 833 1016 920 discipulos
1037 836 1195 914 imbuens,

151 941 188 996 nt
212 956 276 999 non
299 958 384 999 suam
406 935 618 1019 unusquisque
641 941 797 1011 nostrum,
822 935 875 1000 sed
898 936 1002 1020 potius
1025 937 1152 1002 Domini
1163 938 1197 1002 in

151 1035 297 1101 omnibus
319 1037 467 1122 praeferat
488 1037 687 1101 voluntatem.

197 1136 258 1200 Via
294 1138 391 1223 igitur
427 1138 510 1223 regia
543 1138 718 1202 incedentes
750 1144 782 1202 11
814 1140 1006 1204 dextrorsum
1039 1139 1088 1204 111
1126 1139 1198 1204 sini·

150 1245 299 1302 strorsum
321 1245 501 1326 venatorum
524 1238 647 1322 laqueos
672 1239 903 1324 circumpositos
925 1240 1091 1318 evitantes,
1107 1242 1195 1306 nead

148 1337 284 1424 lapidem
307 1342 415 1425 pedem
440 1347 578 1405 nostrum
602 1341 806 1419 offendamus,
831 1341 1003 1420 Idumaeis,
1020 1342 1127 1420 idest,
1140 1348 1199 1407 ter-

146 1441 232 1506 renis
266 1449 357 1526 atque
388 1442 547 1508 haereticis
576 1442 698 1528 propria
731 1443 956 1526 relinquentes,
987 1465 1044 1509 nec
1067 1443 1196 1529 vestigio

151 1542 277 1626 quidem
299 1544 386 1627 pedis
409 1566 515 1609 sensus
536 1544 634 1608 nostri
656 1551 785 1622 terram,
810 1545 843 1608 id
866 1551 928 1622 est,
953 1567 1075 1630 pravam
1091 1566 1197 1610 eorum

149 1644 340 1722 doctrinam,
365 1644 538 1709 omnimodo
561 1652 746 1722 atterentes,
772 1654 809 1710 nt
831 1647 870 1709 ad
893 1647 943 1724 id,
957 1646 1195 1729 quotendimus,

148 1743 209 1808 hoc
231 1752 295 1823 est,
318 1747 357 1809 ad
383 1747 458 1811 fines
480 1745 595 1830 patrios
606 1747 762 1832 pervenire
773 1746 943 1832 pessimo,
956 1748 1070 1811 ducum
1080 1753 1197 1811 nostro·

148 1833 219 1908 rum
250 1846 359 1911 semita
389 1846 578 1931 gradientes,
610 1854 641 1912 11
671 1847 697 1910 11
720 1847 798 1912 forte
822 1847 947 1931 quidam
971 1847 1194 1926 balbutientes,

147 1953 187 2010 nt
207 1947 252 2010 ita
274 1948 391 2024 dicam,
414 1948 476 2011 nisi
499 1955 573 2013 sunt
590 1949 776 2034 proferentes
801 1971 967 2034 exponere,
986 1948 1152 2013 formantes
1163 1971 1195 2014 se

146 2047 184 2112 in
206 2049 358 2133 specimen
380 2048 586 2126 nutritorum,
609 2056 646 2113 ut
668 2057 793 2134 possent
816 2056 934 2115 mentes
955 2049 1091 2114 imbuere
1110 2050 1195 2113 andi·

144 2155 268 2227 torum,
292 2173 356 2214 non
368 2157 487 2234 oportet
498 2151 537 2214 ad
549 2152 692 2236 dogmata
703 2151 776 2216 haec
788 2150 990 2215 ecclesiastica
1001 2156 1192 2232 retorquere,

128 2271 224 2333 .quae
246 2274 345 2335 neque
369 2251 529 2335 synodales
552 2252 653 2336 apices
676 2274 766 2337 super
785 2253 843 2316 hoc
856 2251 1080 2328 examinantes,
1094 2273 1194 2334 neque

142 2353 343 2417 auctoritates
366 2354 527 2418 canonicae
551 2354 632 2418 visae
655 2362 728 2418 sunt
750 2352 943 2438 explanasse,
966 2358 1003 2416 ut
1028 2373 1123 2416 unam
1145 2352 1193 2418 111

143 2454 222 2516 duas
258 2453 394 2540 energias
429 2455 540 2538 aliquis
573 2459 745 2540 praesumat
779 2453 894 2518 Christi
922 2453 980 2518 Dei
1002 2453 1191 2538 praedicare,

143 2576 221 2648 quas
246 2578 345 2639 neque
368 2555 556 2640 evangelicae
576 2556 625 2619 111
641 2555 823 2640 apostolicae
835 2555 959 2631 literae,
983 2576 1082 2637 neque
1105 2577 1193 2637 syno-

143 2656 224 2720 dalis
247 2657 431 2721 examinatio
463 2679 553 2740 super
576 2657 624 2720 his
647 2656 768 2733 habita,
788 2655 871 2720 visae
895 2663 968 2720 sunt
992 2656 1190 2733 terminasse,

141 2757 205 2822 nisi
235 2757 389 2835 fortassis,
414 2757 494 2821 sicut
517 2757 645 2842 praefati
667 2780 790 2833 sumus,
814 2757 938 2840 quidam
962 2756 1065 2839 aliqua
1087 2755 1192 2820 balbu-

139 2857 249 2922 tiendo
272 2860 458 2936 docuerunt,
482 2860 757 2923 condescendentes
780 2859 818 2921 ad
842 2857 1050 2921 informandas
1072 2863 1190 2923 mentes

139 2965 234 3042 atque
255 2958 475 3046 intelligentias
493 2959 703 3044 paruulorum,
718 2981 794 3043 quae
806 2959 844 3021 ad
856 2957 1056 3022 ecclesiastica
1068 2958 1189 3041 dogma

140 3069 175 3123 ta
197 3060 277 3124 trahi
313 3082 377 3124 non
411 3059 541 3137 debent,
573 3082 649 3143 quae
683 3059 916 3143 unusquisque,
940 3058 973 3122 in
1007 3080 1062 3121 suo
1097 3080 1189 3122 sensu

138 3161 317 3238 abundans,
342 3162 464 3226 videtur
484 3162 652 3225 secundum
664 3161 817 3246 propriam
828 3159 1013 3223 sententiam
1026 3158 1185 3242 explicare.

139 3262 241 3347 [Nota
274 3285 377 3327 11111
401 3263 547 3326 Graecam
570 3264 700 3344 11111111
722 3269 753 3326 11
775 3260 933 3325 barbaram
955 3260 1047 3343 hujus
1068 3259 1185 3342 periodi

139 3354 335 3447 dictionem]

184 3464 266 3528 Nam
290 3464 362 3547 quia
385 3464 535 3528 Dominus
558 3464 648 3529 lesus
670 3463 828 3542 Christus,
852 3462 950 3528 Filius
987 3485 1022 3526 ac
1048 3461 1184 3527 Verbum

138 3565 215 3641 Dei,
243 3587 409 3650 perquem
432 3565 608 3629 factasunt
631 3565 748 3640 omnia,
770 3565 835 3648 ipse
863 3565 903 3627 sit
936 3586 1018 3627 unus
1045 3569 1183 3648 operator

138 3665 308 3729 divinitatis
342 3672 434 3748 atque
468 3665 685 3742 humanitatis,
718 3665 826 3750 plenae
861 3671 933 3729 sunt
955 3687 1054 3729 sacrae
1076 3662 1180 3727 literae

136 3766 327 3830 luculentius
361 3767 613 3830 demonstrantes.
660 3766 773 3829 Utrum
806 3772 908 3830 autem
937 3771 1060 3850 propter
1090 3785 1179 3848 opera

135 3867 307 3931 divinitatis
343 3873 375 3930 et
408 3867 607 3930 humanitatis
639 3889 700 3929 una
742 3889 781 3930 an
815 3867 951 3950 geminae
989 3865 1178 3950 operationes

136 3967 269 4032 debeant
298 3967 449 4032 derivatae
482 3967 542 4029 dici
564 3967 612 4031 111
633 3966 782 4051 intelligi,
806 3967 845 4030 ad
867 3989 923 4031 nos
946 3966 1005 4029 ista
1027 3966 1178 4052 pertinere

134 4090 199 4132 non
229 4067 358 4144 debent,
381 4067 589 4151 relinquentes
616 4091 650 4132 11
672 4067 892 4152 grammaticis,
916 4067 969 4149 qui
992 4067 1092 4132 solent
1112 4089 1178 4151 par·

133 4169 215 4232 vulis
237 4167 389 4251 exquisita
412 4169 574 4232 derivando
598 4169 723 4233 nomina
745 4168 910 4232 venditare.
