3092 5000
868 504 937 576 ttt

383 682 549 777 »protulit
585 683 671 754 duos
717 681 909 753 chartaceos
949 680 1082 752 codices
1120 693 1154 751 et
1198 679 1418 751 chartaceum

383 804 687 901 »quatemionem”
708 807 746 895 ¹),
774 830 862 900 quae
893 804 1141 898 praedictorum
1167 803 1415 874 haereticorum

383 929 547 1023 opuscula
573 929 690 999 eadem
717 930 862 998 sessione
883 951 995 998 coram
1015 926 1151 1023 Synodo
1169 927 1306 997 recitata
1323 937 1418 995 sunt.

429 1053 496 1122 Uni
509 1075 551 1122 ex
563 1053 632 1123 istis
645 1052 814 1146 opusculis
823 1051 939 1123 titulus
948 1064 1038 1124 erat:
1057 1084 1070 1113 u
1080 1051 1197 1121 Sermo
1211 1049 1420 1121 acclamatus

388 1175 560 1268 »piissimo
586 1187 619 1244 et
644 1173 785 1269 pacifico
814 1197 936 1266 magno
961 1173 1159 1266 Imperatori
1183 1170 1419 1258 Constantino,

386 1322 429 1366 »a
446 1296 591 1368 Macerio
607 1296 773 1392 Episcopo
790 1295 1056 1392 Theopolitano”
1078 1297 1158 1390 [sive
1175 1293 1418 1387 Antiochenol.

382 1418 446 1506 Qui
474 1429 598 1510 sermo⁷
640 1421 757 1491 »omni
786 1421 947 1514 pravitate
972 1418 1094 1514 plenus
1119 1432 1154 1489 et
1177 1418 1354 1488 haereticis
1385 1418 1422 1486 in

383 1543 567 1614 »omnibus
593 1541 805 1614 consonans’'
821 1543 860 1632 ’),
882 1567 1091 1638 quamquam
1108 1543 1144 1611 iu
1162 1554 1275 1612 sextae
1292 1538 1424 1636 Synodi

382 1668 463 1736 actis
488 1690 559 1737 non
584 1678 673 1737 totus
692 1668 862 1736 invenitur
878 1665 1087 1761 descriptos,
1103 1665 1271 1736 nonnulla
1289 1675 1419 1752 tamen,

384 1813 452 1884 quo
478 1791 583 1881 magis
612 1790 758 1860 haeresis
770 1790 903 1860 Maeoni
923 1802 1073 1884 pateret2
1103 1813 1146 1860 ex
1173 1788 1239 1859 hoc
1264 1810 1424 1859 sermone

383 1914 590 2006 caeterisque
635 1916 710 2006 ejus
731 1902 733 1908 ’
754 1911 925 2007 opusculis
965 1912 1132 2007 discerpta
1169 1924 1251 1982 sunt
1289 1911 1421 2000 verba,

384 2035 508 2129 quibus
528 2036 617 2105 inter
631 2035 695 2105 alia
711 2035 796 2106 haec
812 2036 934 2106 dixisse
955 2034 1103 2128 legitur:
1133 2033 1328 2105 »Honorius
1354 2035 1425 2104 Ro-

385 2181 532 2228 »ruanus
565 2183 666 2228 unam
697 2158 908 2229 voluntatem
944 2157 1213 2229 manifestissime
1246 2156 1425 2253 praedica·

383 2279 475 2350 »vit'’
491 2280 528 2369 ³).
558 2281 625 2352 Sed
640 2295 822 2377 antequam
840 2284 913 2376 ipse
934 2306 1044 2354 sermo
1062 2283 1280 2371 recitabatur7
1299 2281 1421 2370 idest,

382 2401 498 2474 audita
523 2403 593 2475 sola
618 2407 691 2498 ejus
715 2406 954 2499 inscriptione,
983 2404 1227 2497 Theophanes⁷
1243 2404 1426 2500 presbyter
1532 2457 1533 2483 t

383 2537 417 2595 et
441 2527 546 2596 abbas
583 2529 777 2598 monasterii
808 2527 992 2617 Baiarum,
1027 2528 1273 2622 Imperatorem
1298 2526 1424 2598 affatus
1531 2609 1532 2635 ᾖ

383 2646 488 2717 dixit:
510 2650 683 2720 »Piissime
700 2649 856 2740 domine,
874 2663 969 2720 extra
985 2650 1141 2721 ordinem
1159 2649 1239 2722 fecit
1257 2650 1426 2720 Macarius

385 2767 522 2860 »hunc‚
550 2773 610 2865 qui
646 2768 770 2842 dicitur
806 2786 910 2867 atque
942 2773 1102 2865 relegitur
1134 2775 1229 2868 quasi
1255 2774 1427 2868 prospho-
1529 2855 1530 2862 p

384 2893 539 2962 »neticus
564 2916 689 2964 sermo.
716 2892 746 2963 A
771 2895 943 2967 sacerdote
979 2898 1109 2990 quippe
1134 2897 1162 2966 si
1185 2895 1296 2966 factus
1323 2896 1428 2966 fuerit

383 3014 689 3108 »prosphoneticus
721 3040 832 3088 sermo
864 3017 907 3088 ad
941 3018 1182 3112 Imperatorem
1221 3018 1276 3089 vel
1316 3019 1426 3091 histo·
1528 3007 1529 3036 ἢ

385 3139 520 3227 »ricus⁷
537 3162 653 3209 coram
679 3139 805 3211 Senatu
830 3139 972 3212 offertur
996 3154 1099 3237 atque
1123 3141 1298 3234 relegitur.
1327 3142 1426 3212 Prius
1527 3185 1528 3208 t

384 3271 523 3328 »autem
549 3285 649 3354 quam
683 3261 749 3332 hoc
781 3261 933 3352 faceret,
960 3277 994 3334 et
1028 3266 1064 3333 in
1098 3264 1289 3334 Sardiniam
1331 3266 1426 3335 etin

386 3380 554 3450 »Romam
587 3395 622 3453 et
648 3384 684 3453 in
709 3383 773 3453 alia
798 3383 873 3455 loca
910 3384 1043 3456 codices
1080 3384 1207 3457 faciens
1222 3410 1237 3476 7·
1274 3385 1426 3456 eundem
1525 3479 1526 3482 Ἴ

385 3503 709 3597 »prosphoneticum
737 3530 930 3577 sermonem
956 3507 1076 3578 direxit
1101 3507 1295 3602 praedictus
1312 3507 1426 3578 Maca-

339 3667 341 3672 ·
386 3623 501 3714 ‚arius7
537 3626 630 3722 quod
664 3629 798 3722 penitus
830 3628 874 3698 ad
907 3631 1007 3700 ritum
1044 3630 1288 3702 sacerdotalem
1314 3631 1426 3700 existit

384 3745 1426 3846 »incongruum.'’CuirespondeusConstantinuslmperator‚

386 3867 479 3938 »Nos
503 3869 679 3964 quidem”‚
708 3874 830 3968 iuquit,
849 3875 1175 3969 »prosphoneticum
1193 3898 1428 3946 sermonema

387 4035 596 4051 —u—

425 4122 453 4190 1)
484 4123 555 4178 tata.
576 4125 636 4179 ooo.

424 4205 453 4274 a)
478 4204 550 4261 tata.
570 4208 630 4262 901.

425 4287 454 4356 a)
480 4286 552 4342 tata.
572 4290 632 4343 eos.
