3140 5004
658 475 699 546 11

153 653 267 715 durum
290 674 347 715 nos
370 651 428 714 hoc
451 651 591 715 arbitrati
612 673 727 715 sumus.
752 655 914 734 Quomodo
938 657 1021 720 enim
1043 681 1107 722 non
1123 665 1203 723 esset

72 784 77 793 ·
153 754 267 816 durum
290 759 321 817 et
347 751 435 816 valde
463 775 640 831 onerosum,
665 754 787 837 quando
808 754 867 818 hoc
891 757 1037 822 resolvere
1060 767 1203 824 evertere·

151 878 212 938 que
235 860 301 918 erat
335 854 476 918 futurum
500 855 624 938 quidem
647 877 769 919 omnem
793 855 877 919 illam
898 859 1090 922 concordiam
1110 867 1201 944 atque

151 956 322 1033 unitatem,
347 978 424 1039 quae
447 955 525 1021 bene
542 955 643 1020 fuerat
666 957 788 1034 effecta,
811 964 875 1020 tam
887 960 970 1043 apud
981 959 1199 1026 Alexandriam

151 1080 295 1143 magnam
318 1057 489 1135 civitatem,
513 1080 665 1141 quamque
687 1079 742 1142 per
765 1058 920 1122 universas
945 1061 1001 1124 sub
1024 1084 1059 1125 ea
1081 1063 1204 1147 provin·

150 1159 231 1237 ciue,
256 1181 333 1242 quae
356 1159 444 1223 nullo
467 1164 602 1243 tempore
630 1181 727 1242 usque
749 1181 833 1223 nunc
844 1161 1071 1244 acquieverant,
1089 1186 1202 1230 nomen

150 1260 261 1325 saltem
284 1261 413 1346 simplex
434 1259 533 1335 divini
556 1267 648 1343 atque
677 1259 842 1325 laudabilis
861 1264 957 1347 patris
969 1265 1067 1328 nostri
1077 1265 1200 1344 Leonis,

148 1368 206 1426 aut
247 1361 345 1426 sancti
387 1368 418 1426 et
463 1360 568 1447 magni
602 1367 693 1444 atque
729 1360 909 1427 universalis
943 1364 1201 1432 Chalcedonensis

148 1463 285 1528 Concilii
308 1462 496 1527 mentionem
526 1464 641 1539 facere,
665 1485 749 1526 nunc
770 1485 841 1527 vero
862 1464 1014 1548 praeclara
1037 1473 1068 1530 et
1090 1490 1200 1552 magna

148 1588 225 1629 voce
246 1564 281 1629 in
304 1564 417 1629 divinis
441 1564 600 1628 missenum
624 1563 741 1628 arcanis
763 1564 822 1628 hoc
843 1565 1077 1650 praedicantes?

197 1665 310 1730 Multis
332 1665 429 1750 igitur
451 1664 581 1729 anobis
604 1664 641 1729 de
665 1665 723 1729 hoc
746 1666 838 1729 motis
855 1666 1045 1732 sermonibus
1068 1669 1200 1754 adprae-

147 1767 346 1833 nominatum
377 1767 579 1832 venerabilem
611 1767 835 1852 Sophronium,
867 1774 1020 1852 postremo
1043 1769 1199 1835 adhortati
1286 1845 1289 1850 Ι

146 1891 222 1934 eum
256 1891 378 1946 sumus,
409 1867 590 1933 testimonia
612 1867 701 1932 nobis
724 1868 859 1953 prolerre
882 1877 1056 1934 sanctorum
1079 1894 1113 1935 ae
1132 1895 1199 1957 pro·
1288 1943 1291 1948 Δ

146 1969 301 2035 babilium
334 1968 478 2047 Petrum,
502 1969 628 2032 illorum
651 1968 814 2047 videlicet,
838 1992 915 2053 quos
938 1993 1042 2036 omnes
1066 1995 1199 2036 commu-

146 2071 232 2136 niter
253 2071 391 2135 doctores
414 2071 612 2147 confitemur,
626 2076 656 2134 et
669 2091 800 2152 quorum
811 2072 953 2156 dogmata
964 2071 1063 2158 legem
1075 2080 1196 2138 sauctae

145 2171 210 2237 Dei
233 2179 417 2257 cognoscant
439 2171 609 2248 Ecclesiae,
634 2170 729 2248 duas,
754 2171 938 2236 nominatim
950 2180 981 2237 et
992 2173 1068 2258 ipsis
1079 2174 1195 2252 verbis,

145 2274 340 2358 operationes
362 2272 397 2337 in
420 2271 543 2338 Christo
567 2259 713 2336 dicendas
745 2272 915 2350 tradentia3
938 2273 992 2340 ille
1014 2281 1115 2339 autem
1138 2276 1197 2340 hoc

143 2376 246 2439 facere
269 2375 392 2460 penitus
415 2397 478 2439 non
501 2372 609 2438 valuit.

194 2476 261 2541 Nos
283 2498 353 2540 vero
377 2475 621 2551 considerantes,
646 2472 846 2558 incipientem
868 2497 905 2539 ex
924 2475 982 2540 hoe
1005 2477 1086 2542 iuter
1108 2500 1197 2561 quos-

145 2579 220 2642 dam
243 2577 294 2641 hic
317 2577 555 2641 contentionem·
567 2577 776 2653 exardescere,
800 2582 831 2640 et
843 2577 972 2640 scientes
984 2577 1067 2661 quod
1079 2601 1195 2665 semper

145 2702 188 2744 err
211 2677 387 2763 hujusmodi
410 2676 667 2742 decertationibus
682 2679 846 2742 haereseon
857 2677 1060 2744 dissensiones
1073 2679 1194 2745 effectae

145 2786 239 2858 sunt,
271 2779 477 2845 necessarium
501 2778 722 2863 judicavimus,
747 2801 836 2844 omne
860 2780 998 2844 studium
1020 2784 1194 2866 poneraad

145 2881 319 2946 sedandum
340 2887 432 2964 atque
456 2881 678 2965 amputandum
699 2879 792 2944 talem
823 2883 1011 2966 superfluum
1033 2882 1194 2947 verborum

145 2982 343 3060 conflictum,
378 2988 408 3046 et
443 2982 482 3046 ad
513 2977 720 3066 saepedictum
741 2981 967 3047 sanctissimum
990 2982 1194 3049 Alexandriae

142 3083 356 3149 Patriarcham
390 3082 582 3169 scripsimus,
606 3089 642 3146 ut
665 3088 832 3167 postquam
854 3083 1007 3148 unitatem
1032 3085 1190 3162 cumbis,
1228 3071 1229 3074 Ἴ

147 3186 204 3270 qui
236 3185 355 3270 pridem
389 3183 622 3270 separabantur,
658 3184 723 3248 Deo
753 3183 921 3248 auxiliante
945 3184 1131 3268 composuit,
1156 3187 1194 3250 de

146 3293 247 3352 cetero
281 3285 404 3350 nullum
436 3285 626 3370 permitteret
648 3307 741 3348 unam
764 3291 817 3348 ant
840 3285 915 3348 duas
938 3285 1070 3370 prolerre
1094 3309 1195 3372 opera·

145 3387 247 3452 tiones
276 3387 310 3451 in
342 3386 465 3450 Christo
487 3387 553 3450 Deo
576 3392 698 3463 nostro,
730 3385 827 3470 magis
850 3392 952 3450 autem
976 3386 1067 3469 (sicut
1090 3395 1194 3453 sancta

145 3495 179 3554 et
209 3487 392 3552 universalia
413 3487 606 3551 tradiderunt
628 3486 776 3570 Concilio)
798 3508 895 3551 unum
926 3489 1117 3572 eundemque
1144 3489 1193 3554 m·-

144 3589 225 3654 lium
236 3588 449 3674 unigenitum,
468 3587 636 3652 Dominum
650 3594 789 3652 nostrum
802 3589 822 3652 J
823 3586 908 3653 esum
919 3588 1077 3653 Christum
1087 3612 1194 3655 verum

145 3691 257 3768 Deum,
271 3696 429 3776 operatum
453 3689 590 3753 confiteri
613 3696 677 3752 tam
700 3689 805 3753 divina
827 3712 979 3774 quamque
1001 3691 1148 3769 humana,
1162 3698 1193 3756 et

146 3813 269 3856 omnem
304 3792 369 3855 Deo
404 3790 564 3855 decibilem
605 3797 636 3854 et
668 3789 792 3854 homine
826 3791 951 3876 dignam
987 3794 1192 3877 operationem

147 3915 185 3958 err
207 3914 272 3956 uno
295 3893 462 3975 eodemque
484 3891 642 3955 incarnato
666 3892 732 3955 Deo
755 3891 857 3956 Verbo
870 3892 1004 3957 indivise
1033 3899 1193 3978 procedere

144 4000 177 4059 et
210 3994 248 4056 ed
283 4015 380 4056 unum
411 3994 602 4076 eundemque
636 3991 746 4076 dirigi,
776 4015 811 4056 eo
834 3994 917 4077 quod
940 3993 1033 4058 unius
1067 3994 1192 4077 quidem

144 4094 330 4180 operationis
352 4116 429 4172 vox,
454 4117 638 4178 quamquam
661 4117 678 4158 e
701 4093 884 4177 quibusdam
907 4095 1021 4159 sanetis
1044 4095 1127 4159 dieta
1147 4103 1193 4161 est

141 4196 305 4278 Patribus,
341 4203 445 4261 tamen
477 4195 639 4281 peregrina
672 4195 811 4266 videatur
842 4203 873 4261 et
906 4196 1083 4290 perturbare
1107 4218 1193 4266 aures
