3140 5004
880 506 904 574 lt

367 717 380 746 »
395 683 552 776 [Sergius]
581 705 722 774 rogans,
751 694 789 752 ut
806 683 955 752 mitteret
971 682 1035 752 sibi
1050 685 1264 754 auctoritates
1281 682 1325 753 de
1342 707 1411 753 una

367 807 542 900 »ipsorum
580 806 795 899 operatione,
834 805 1043 898 inseruitque
1080 783 1260 899 epistolaey
1299 804 1411 876 facere

367 928 491 997 »etiarn
517 949 553 996 se
578 925 641 1016 (his
666 926 933 1014 auctoritatibus)
957 926 1121 997 unionem
1146 925 1306 998 ecclesiae
1331 949 1412 996 cum
1459 902 1462 906 ¹

366 1049 466 1119 seis?
503 1047 593 1118 hanc
629 1060 743 1118 autem
780 1045 959 1142 epistolam
992 1047 1111 1119 heatus
1144 1048 1293 1120 Joannes
1318 1048 1411 1141 Papa

366 1169 639 1241 »Alexandrinus
665 1195 770 1241 manu
795 1170 839 1239 ab
855 1168 939 1241 Arsa
954 1169 1112 1241 abstulit.
1128 1225 1135 1241 .
1151 1225 1158 1241 .
1187 1169 1255 1242 Aut
1272 1167 1411 1266 quando

364 1292 431 1363 »ad
469 1292 597 1389 Cyrum
636 1291 842 1388 Episcopum
882 1291 1033 1363 Phasidis
1067 1294 1236 1388 rescripsit
1253 1291 1312 1362 *de
1340 1315 1410 1363 una

363 1417 583 1512 »operatione
608 1415 821 1504 adustus,
849 1414 959 1486 abeo
986 1428 1142 1508 rogatus7
1171 1417 1271 1486 misso
1304 1416 1408 1484 etiam

363 1538 431 1608 »ad
455 1562 536 1610 eum
560 1536 677 1609 libello
703 1537 868 1626 Menum„
898 1561 1002 1633 quem
1028 1537 1176 1608 diximus
1188 1535 1228 1608 {³³⁷
1257 1537 1282 1626 ¹)

411 1661 500 1732 Huic
532 1661 637 1754 Sergii
668 1658 712 1729 ad
737 1658 865 1756 Cyrum
891 1660 1052 1754 epistolae
1077 1662 1289 1732 occasionem
1315 1658 1411 1730 dedit

363 1783 552 1878 Imperator
568 1781 744 1854 Heraclius
763 1782 949 1876 prohibens
966 1782 1150 1854 Arcadium
1168 1782 1271 1878 Cypri
1289 1779 1412 1851 Archi-

363 1908 584 2000 cpiscopum‚
623 1905 806 2000 quominus
831 1903 1005 1996 duplicem
1038 1907 1073 1974 in
1111 1904 1242 1975 Christo
1280 1903 1410 1974 diceret

365 2031 612 2123 operationem.
639 2026 694 2096 Ab
714 2026 922 2121 imperatore
946 2029 1060 2115 enirn,
1088 2027 1147 2121 qui
1172 2039 1206 2096 et
1230 2027 1303 2120 ipse
1325 2024 1411 2096 hae·

368 2153 468 2223 resim
483 2141 501 2221 a
516 2151 630 2243 Sergio
644 2161 839 2245 acceperat,
855 2148 920 2218 hac
932 2147 976 2218 de
996 2172 1032 2219 re
1057 2150 1281 2240 interrogatus
1299 2147 1409 2242 Cyrus

366 2275 518 2368 primum
531 2273 724 2360 haesitavitq
744 2271 927 2365 praecipue
952 2283 1093 2365 propter
1115 2269 1217 2341 verba
1233 2269 1269 2340 S.
1284 2267 1408 2338 Leonis

362 2396 493 2490 Papae,
521 2427 536 2456 ν
545 2393 630 2464 duas
655 2394 867 2487 operationes
893 2416 973 2462 cum
1012 2392 1214 2462 alterutrum
1243 2389 1404 2484 [alterius]

363 2517 631 2588 »communione
656 2512 926 2584 manifestissime
943 2511 1206 2609 proclamantis”
1225 2513 1271 2602 Ἄ
1290 2525 1323 2583 et
1342 2511 1409 2584 dn-

362 2639 457 2710 bium
484 2663 585 2710 suurn
612 2637 730 2728 Sergio
753 2637 941 2731 proposuit.
970 2635 1157 2730 Respondit
1175 2636 1325 2728 Sergius:
1347 2637 1408 2706 »in

364 2762 511 2831 »sanetis
532 2757 687 2830 Conciliis
713 2755 845 2828 nullam
872 2758 1059 2827 motionem
1085 2756 1225 2845 factam,
1255 2739 1410 2826 nullam·

362 2906 453 2976 »que
478 2881 714 2952 definitionem
741 2878 909 2973 prolatam
935 2902 1007 2950 esse
1024 2877 1067 2948 de
1084 2879 1281 2972 quaestione
1297 2875 1407 2967 hac’',

360 3004 506 3093 scilicet,
535 3015 675 3074 »utrum
691 3012 845 3094 oporteat
863 2998 948 3070 duas
964 2998 1160 3093 praedicare
1176 3001 1406 3092 operationes,

361 3151 430 3197 »an
455 3150 562 3197 unam
587 3125 700 3194 dicere
724 3125 760 3192 in
786 3124 932 3193 Domino
958 3120 1237 3216 operationem'’3
1268 3122 1303 3192 S.
1339 3123 1409 3218 Cy-

362 3249 478 3319 rillum
503 3245 777 3319 Alexandrinum
804 3269 932 3314 »onom
958 3243 1128 3334 vivificam
1152 3243 1408 3336 operationem”

361 3372 483 3443 Christi
519 3370 664 3457 dixisse,
696 3364 850 3437 similiter
874 3377 907 3434 et
932 3363 1094 3434 Mennam
1120 3363 1409 3460 Constantinopo-

360 3495 505 3565 litanum
544 3515 674 3562 »uncio
711 3487 920 3557 voluntatem
957 3497 990 3556 et
1020 3509 1126 3554 onom
1151 3487 1406 3576 operationem”

360 3617 483 3688 Christi
515 3612 651 3684 Domini
675 3607 899 3692 adstruxisse3
926 3604 1111 3674 haereticos
1136 3604 1275 3698 quidem
1302 3607 1408 3680 Seve-

362 3741 474 3810 rianos
499 3734 718 3806 vehementer
734 3726 944 3820 improbasse
961 3725 996 3793 S.
1014 3723 1134 3795 Leonis
1149 3725 1261 3820 Papae
1277 3731 1408 3823 episto-

362 3861 460 3950 lam⁷
488 3861 616 3952 inqua
650 3852 734 3920 haec
759 3846 860 3917 verba
900 3845 1083 3937 leguntur:
1115 3845 1286 3940 Operatur
1315 3854 1408 3924 enim

374 4051 563 4070 ff

399 4165 427 4234 1)
464 4163 567 4230 anut.
585 4159 613 4213 S.
631 4154 743 4210 Maximi
760 4170 814 4206 cam
833 4151 947 4222 Pyrrh03
964 4149 1058 4206 Labbo
1076 4150 1116 4216 V,
1137 4153 1216 4206 1817.

399 4248 433 4327 2)¹
465 4246 545 4314 aput.
567 4233 937 4311 quodneryium;12abbo
955 4233 1011 4300 VI,
1029 4237 1089 4288 949.
