3140 5004
880 459 924 530 10

373 633 564 713 siderahant,
588 642 625 699 ut
648 635 805 718 diximus,¹
825 636 859 700 in
881 635 1134 700 innumerabilem
1156 637 1320 701 haereseon
1342 633 1429 700 mul-

372 735 540 800 titudinem
563 736 723 814 discissas,
744 759 828 801 nunc
851 744 950 802 autem
974 737 1164 822 beneplacito
1188 737 1246 802 Dei
1269 743 1300 800 et
1316 735 1429 800 studio

371 837 521 921 praedicti
550 838 736 903 sanctissimi
766 839 1045 904 Alexandrinorum
1068 838 1233 915 antistitis,
1257 836 1428 902 1111111111-

372 938 457 1002 bium
491 937 565 1002 facti
599 946 672 1004 sunt
708 962 829 1018 omnes,
857 963 918 1004 una
939 962 999 1004 vox
1030 946 1060 1005 et
1090 939 1125 1004 in
1147 940 1266 1004 unitate
1290 938 1426 1025 spiritus

370 1046 452 1105 recta
474 1039 626 1105 Ecclesiae
650 1042 793 1126 dogmata
816 1043 1011 1106 confitentur.
1051 1041 1099 1104 111
1123 1040 1171 1105 his
1194 1048 1313 1118 autem,
1337 1061 1425 1125 quae

371 1141 453 1205 dicta
476 1147 549 1205 sunt
572 1148 664 1225 atque
688 1142 842 1220 stabilita,
865 1165 964 1208 unum
987 1141 1091 1206 existit
1115 1141 1286 1228 capitulum
1304 1143 1425 1206 deuna

371 1241 545 1328 operatione
568 1242 685 1306 Christi
708 1244 813 1328 magni
836 1243 896 1308 Dei
919 1250 950 1308 et
972 1243 1137 1307 Salvatoris
1160 1242 1271 1308 nostri.

414 1342 473 1408 His
506 1344 551 1408 ita
591 1343 858 1428 provenientibus,
890 1344 1078 1429 Sophronias
1107 1343 1290 1408 venerabilis
1314 1364 1425 1406 mona·

369 1445 459 1522 chus,
495 1445 549 1528 qui
582 1448 630 1528 (ut
660 1467 744 1509 nunc
766 1468 803 1510 ex
826 1467 889 1510 uno
911 1445 1021 1509 auditu
1043 1445 1218 1529 didicimus)
1241 1443 1424 1528 Hierosoly·

368 1567 488 1609 morum
510 1545 631 1630 praesul
654 1551 701 1609 est
723 1545 883 1609 ordinatus
906 1547 1047 1630 (necdum
1071 1546 1154 1611 euim
1176 1546 1324 1610 hactenus
1350 1544 1422 1628 ejus

368 1668 405 1710 ex
440 1669 522 1710 more
557 1645 702 1730 synodica
736 1645 951 1732 suscepimus),
986 1648 1067 1731 apud
1098 1646 1317 1712 Alexandriam
1339 1652 1422 1710 tunc

367 1746 512 1831 temporis
535 1747 655 1832 positus
678 1769 748 1811 cum
770 1749 907 1832 praefato
930 1746 1122 1812 sanctissimo
1145 1749 1245 1832 Papa,
1270 1747 1418 1830 quando,

367 1846 448 1910 sicut
479 1846 630 1924 diximus,
666 1847 878 1912 admirabilem
911 1848 998 1912 illam
1022 1849 1100 1912 circa
1123 1872 1191 1926 eos,
1215 1848 1270 1932 qui
1294 1849 1419 1912 dudum

366 1947 511 2012 haeretiei
544 1947 682 2024 fuerant,
718 1948 778 2013 Dei
801 1948 991 2034 beneplacito
1014 1949 1166 2013 unitatem
1190 1948 1417 2034 componebat,

365 2055 457 2132 atque
480 2071 550 2113 cum
572 2072 608 2114 eo
631 2050 669 2112 de
692 2048 806 2114 eisdem
829 2049 973 2134 capitulis
995 2050 1213 2134 pertractabat,
1238 2051 1419 2115 adversatus

365 2157 412 2216 est
445 2157 490 2214 et¹
509 2150 696 2215 contradixit
718 2151 758 2214 ad
787 2151 880 2214 unius
916 2150 1101 2235 operationis
1124 2151 1311 2236 capitulum,
1337 2153 1418 2214 duas
1454 2198 1456 2202 ι

366 2251 491 2315 omnino
526 2251 716 2336 operationes
748 2250 865 2314 Christi
898 2251 958 2315 Dei
990 2251 1089 2315 nostri
1112 2251 1244 2336 dignum
1265 2251 1416 2336 inquiens

366 2352 490 2417 censeri.
535 2352 771 2417 Praenominato
794 2358 895 2416 autem
919 2351 1110 2416 sanctissimo
1132 2353 1216 2438 Papa
1234 2353 1417 2439 praesertim

364 2452 542 2517 testimonia
575 2453 604 2517 ei
637 2454 829 2537 quorundam
864 2459 1037 2517 sanctorum
1070 2454 1198 2517 Patrum
1235 2461 1416 2520 nostrorum

364 2553 552 2639 proferente,
587 2554 747 2638 dispersim
780 2554 815 2617 in
846 2552 1027 2637 quibusdam
1051 2554 1206 2640 opusculis
1230 2555 1294 2619 suis
1316 2579 1416 2622 unam

365 2654 572 2739 operationem
593 2653 813 2718 asserentium:
835 2655 873 2717 ad
896 2654 970 2719 haec
993 2677 1113 2738 quoque
1137 2662 1221 2719 etex
1239 2655 1418 2721 abundanti

363 2755 541 2838 inquiente,
577 2754 659 2838 quod
683 2753 841 2818 multoties
864 2755 962 2818 sancti
986 2756 1091 2820 Patres
1114 2755 1231 2833 nostri,
1255 2765 1292 2820 ut
1315 2757 1418 2822 lucra-

363 2862 470 2921 rentur
504 2841 706 2940 plurimarum
723 2854 909 2940 ¹animarum
940 2855 1087 2932 salutem,
1119 2857 1194 2919 dum
1220 2856 1296 2920 talia
1319 2881 1418 2923 emer-

359 2963 470 3044 gerent
504 2955 655 3040 capitula,
691 2955 757 3019 Deo
791 2955 886 3038 gratis
909 2954 1189 3039 dispensationibus
1220 2980 1255 3021 ac
1287 2958 1417 3042 placitis

362 3058 412 3123 usi
434 3057 528 3121 fuisse
551 3056 711 3133 videntur,
735 3054 816 3119 nihil
839 3055 876 3119 de
902 3053 1073 3119 subtilitate
1091 3063 1244 3121 rectorum
1256 3058 1416 3125 Ecclesiae

363 3161 542 3244 dogmatum
576 3155 785 3242 exagitantes:
817 3161 847 3218 et
870 3153 1008 3232 dicente,
1034 3158 1116 3239 quod
1139 3164 1278 3242 oporteat
1300 3160 1415 3243 utique

362 3259 455 3324 etiam
489 3258 524 3322 in
558 3257 727 3343 praesenti,
763 3256 838 3318 dum
866 3260 1023 3318 tantorum
1058 3256 1192 3321 millium
1222 3260 1414 3344 populorum

362 3359 445 3424 salus
467 3380 538 3443 prae
562 3356 704 3421 manibus
724 3355 866 3440 ponitur,
890 3353 971 3418 nihil
994 3356 1031 3418 de
1042 3355 1100 3420 hoo
1110 3380 1164 3442 per
1175 3360 1413 3427 contentionem

361 3457 514 3535 altercari,
538 3457 653 3520 idcirco
677 3456 773 3539 quod,
798 3453 878 3518 sicut
899 3454 1015 3518 dictum
1039 3463 1101 3534 est,
1126 3459 1218 3522 etiam
1241 3483 1260 3523 a
1287 3463 1417 3545 quibus·

361 3561 433 3624 dam
455 3557 547 3622 sacris
570 3555 714 3620 Patribus
737 3577 795 3618 vox
818 3554 995 3639 hujusmodi
1018 3556 1100 3620 dicta
1122 3565 1185 3636 cst,
1210 3560 1355 3647 nihilque
1373 3566 1413 3630 de

360 3661 419 3725 hoc
441 3660 581 3724 laedatur
602 3662 700 3720 rectae
723 3654 794 3720 fidei
819 3655 914 3732 ratio;
930 3691 972 3702 —
988 3665 1171 3722 memoratus
1186 3660 1254 3724 Deo
1269 3664 1415 3730 amabilis

360 3760 551 3846 Sophronius
578 3757 671 3821 talem
693 3754 952 3840 dispensationem
974 3756 1151 3823 nullatenus
1173 3768 1298 3847 accepto
1322 3765 1413 3830 tulit.

406 3860 488 3942 Quia
518 3858 615 3944 igitur
648 3878 703 3941 pro
738 3855 796 3919 hoc
830 3875 899 3916 oum
932 3853 1031 3919 literis
1064 3858 1199 3941 ejusdem
1222 3865 1415 3931 sanctissimi

361 3959 564 4024 comministri
589 3957 628 4020 ad
650 3976 707 4020 nos
731 3953 909 4037 conjunxit,
934 3955 1051 4020 dehoc
1074 3980 1196 4042 quoque
1215 3963 1310 4027 etiam
1326 3969 1414 4050 apud

360 4082 417 4124 nos
440 4081 609 4123 sermonem
631 4056 781 4120 movendo
804 4053 966 4132 insistens,
989 4062 1026 4118 ut
1044 4057 1208 4123 dotalibus
1220 4063 1414 4131 adimeretur

357 4159 503 4252 capitulis
536 4165 607 4248 post
640 4158 752 4219 factam
787 4153 960 4218 unitionem
994 4177 1052 4218 vox
1086 4157 1180 4223 unius
1203 4165 1415 4247 operationis,
