3140 5004
639 465 686 536 tt

139 673 151 700 ›=
162 641 280 729 tione-u
297 643 444 714 divinam
469 655 502 710 et
519 641 728 731 humanam,
749 665 836 736 quae
854 668 872 711 a
893 645 1182 716 sanetis'Patribus

140 769 196 836 »in
219 769 293 862 ipso
308 766 439 837 Christo
453 764 525 835 lleo
538 787 617 834 vero
634 776 669 833 et
686 763 857 835 Salvatore
873 777 990 837 nostro
1009 768 1064 861 pie
1084 790 1183 861 prae-

141 889 335 980 ›vdica‘ntun
353 913 434 960 cum
461 912 529 958 una
555 886 730 957 voluntate
756 900 790 957 et
807 890 1023 982 operatione,
1040 912 1127 984 quae
1140 890 1184 960 ab

139 1013 337 1085 »haereticis
349 1015 453 1106 impie
471 1013 506 1080 in
531 1033 572 1081 eo
597 1022 798 1100 veneratur,
825 1012 952 1106 pariter
964 1011 1133 1104 denegare
1150 1025 1185 1083 et

137 1161 402 1208 »ricuuammre
429 1158 618 1226 ¹consranaar
634 1132 931 1228 promulgantem,
955 1148 989 1204 et
1006 1148 1185 1230 propterea

138 1243 238 1331 »cum
258 1260 382 1330 sanetis
407 1257 565 1329 Patribus
581 1270 615 1327 et
629 1256 812 1328 scelerosos
825 1256 1013 1338 haereticos
1030 1258 1074 1328 ab
1090 1262 1184 1329 omni

137 1383 427 1477 »reprehensione
449 1393 482 1451 et
506 1379 793 1451 condemnatione
809 1381 934 1473 injuste
953 1379 1185 1452 lilierarideli-

137 1507 334 1596 unientem,
363 1531 391 1574 ro
420 1526 662 1574 rurnrarromru
675 1526 866 1572 carnosiore
885 1526 1047 1576 ecenrsua
1065 1529 1185 1575 nurm-
1240 1557 1244 1564 -

136 1652 276 1700 uuonan
302 1653 357 1698 sau
383 1653 525 1698 areunae
532 1681 604 1698 .....
632 1625 883 1697 condemnatus
908 1624 972 1696 sit''
1000 1626 1141 1715 (XVlll).
1161 1630 1186 1715 ¹)

182 1752 267 1824 lstos
299 1735 449 1823 canones
483 1752 569 1821 serio
596 1749 776 1821 meditanti
802 1749 884 1820 mihi
911 1763 1088 1844 corruptas
1114 1773 1186 1821 esse

24 1907 26 1968 ξ
136 1877 279 1948 Honorii
314 1875 428 1946 literas
457 1875 610 1969 primum
639 1873 757 1944 incidit
791 1874 951 1967 suspicio.
986 1873 1063 1944 Non
1093 1875 1183 1944 enim

24 2073 26 2086 ,
136 2012 169 2070 et
204 1999 396 2070 Honorium
425 2022 443 2067 a
469 1995 619 2068 Concilio
646 1996 861 2067 lateranensi
888 1997 977 2066 inter
1001 1995 1186 2068 haereticos

24 2129 26 2168 r
136 2121 296 2192 videbam
331 2131 638 2205 connumeratum,
674 2117 767 2212 quod
805 2117 966 2212 quidem„
1006 2118 1125 2189 saltem
1160 2123 1186 2190 si

24 2311 25 2332 p
135 2245 255 2316 literae
284 2247 357 2342 eJ'us
377 2255 457 2313 sunt
482 2223 673 2334 genuinam
701 2240 754 2310 vel
780 2241 870 2310 hane
895 2242 940 2311 ob
957 2251 1094 2312 causam
1112 2241 1184 2311 fieri

135 2369 330 2454 debuisset5
366 2368 466 2461 quia,
503 2369 653 2462 quaein
679 2366 784 2436 literis
809 2364 972 2456 leguntur
996 2365 1118 2452 verbaq
1147 2387 1185 2434 ea

136 2515 216 2563 cum
241 2492 292 2579 iisa
309 2514 398 2585 quae
413 2492 448 2559 in
461 2490 557 2586 Typo
572 2490 814 2585 reprobantur,
833 2500 950 2558 exacte
963 2489 1183 2559 conveniunt.

135 2617 247 2702 Namv
288 2615 374 2684 sicut
412 2636 474 2707 per
507 2613 666 2708 Typumq
700 2614 745 2682 ita
779 2612 881 2682 etiam
911 2634 974 2705 per
998 2610 1187 2706 praedictas

136 2740 253 2810 literas
278 2737 450 2808 silentium
477 2736 565 2806 circa
591 2759 697 2805 unam
723 2733 776 2804 vel
791 2733 887 2803 -duas
912 2732 1034 2804 Christi
1049 2734 1186 2804 Domini

136 2862 352 2958 operationes
393 2858 554 2929 indicitur
595 2856 820 2928 servandum:
863 2855 998 2947 Sergius
1035 2857 1183 2950 quippeq
1274 2882 1279 2890 ·

137 2984 248 3080 Cyrus
273 2996 307 3053 et
332 2982 542 3078 Sophronius
568 2983 602 3051 in
629 2981 667 3050 iis
692 2980 942 3068 admonentur,
971 3001 1015 3048 ne
1040 3001 1127 3048 novo
1153 2990 1188 3047 et

137 3107 233 3203 quod
267 3104 468 3177 scandalum
495 3104 657 3200 praebeat
681 3105 783 3174 unius
808 3100 862 3171 vel
886 3101 1042 3193 geminae
1065 3123 1187 3194 opera-

140 3232 241 3306 tionis
267 3241 407 3302 utantur
431 3227 611 3298 vocabulo.
640 3227 731 3297 lnter
755 3225 892 3320 Typum
909 3223 1012 3315 igitur
1028 3234 1063 3291 et
1074 3220 1187 3292 literas

140 3352 278 3424 nullum
306 3364 356 3422 est
381 3351 448 3421 veri
476 3349 623 3420 nominis
638 3348 835 3418 discrimen.
864 3345 949 3414 Nam
966 3342 1188 3438 quodTypus

139 3476 246 3548 etiam
271 3475 313 3546 de
337 3472 565 3561 voluntatum,
587 3470 703 3540 literae
720 3480 858 3540 econtra
876 3466 1187 3560 ranruu'deopere·

140 3585 279 3669 tionum
300 3621 441 3667 nummo
466 3593 638 3665 silentium
665 3592 789 3662 servari
805 3590 940 3678 volunt,
956 3588 1021 3660 hoc
1043 3587 1095 3658 vel
1111 3587 1187 3658 ideo

139 3745 206 3792 nec
231 3719 376 3790 liberare
400 3741 466 3787 nec
490 3738 652 3787 excusare
670 3714 759 3784 valet
776 3712 948 3804 literarum
967 3712 1184 3805 scriptoremff

139 3846 219 3938 quia
247 3840 435 3912 Concilium
456 3839 682 3910 lateranense
699 3849 842 3934 propter
859 3832 1003 3906 eandem
1022 3834 1187 3903 rationem

141 3966 317 4036 damnavit
355 3976 553 4057 utrumque.
595 3961 629 4032 Si
667 3961 769 4054 igitur
793 3960 952 4060 Typum‚
979 3967 1017 4026 ut
1042 3954 1186 4052 debuitp

139 4167 381 4178 —————=--—.-..

174 4251 204 4319 1)
240 4247 311 4307 raia.
336 4254 399 4315 ass,
419 4249 479 4302 355.
