3140 5004
875 475 924 548 dd

368 645 507 721 Honorii
522 653 754 722 auctoritatem
770 677 833 746 pro
846 652 1013 724 haeretica
1031 678 1091 724 sua
1104 653 1148 724 de
1157 652 1279 725 Christi
1287 655 1411 726 volun·

367 785 436 844 tate
474 775 640 844 sententia
679 775 858 846 invocavit.
895 773 995 847 Auno
1021 777 1113 846 enim
1139 774 1212 846 ott
1236 780 1272 847 in
1299 776 1411 848 Africa

367 894 553 990 praefatam
591 921 671 967 cum
711 897 747 966 S.
787 896 935 969 Maximo
973 898 1094 970 habuit
1119 899 1407 995 disputationem7

369 1020 522 1112 quamvis
545 1043 637 1091 anno
649 1022 722 1113 jam
740 1019 809 1090 ss-ll
830 1019 980 1092 loannes
1001 1023 1092 1117 Papa
1106 1022 1149 1093 lV
1162 1022 1206 1092 ad
1222 1023 1411 1118 lmperato-

369 1163 440 1209 rem
467 1143 610 1212 misisset
635 1140 775 1212 Honorii
805 1141 1012 1236 apologiam.

419 1264 543 1334 Verum
581 1264 674 1361 quod
709 1265 861 1360 Pyrrhus
897 1263 977 1336 fecit
1014 1267 1049 1334 in
1087 1264 1215 1356 Africa,
1243 1268 1309 1338 hoc
1335 1280 1410 1362 post

368 1407 469 1475 eum,
511 1410 602 1456 anno
640 1385 708 1455 ott
736 1389 772 1456 in
797 1390 871 1481 ejus
895 1386 1012 1458 locum
1037 1388 1082 1457 ab
1107 1388 1315 1484 Imperatore
1340 1389 1411 1460 suf-

368 1503 493 1598 fectuS,
522 1507 815 1603 Constantinopoli
843 1511 910 1600 egit
935 1509 1074 1581 Paulus.
1127 1511 1213 1600 Qui,
1232 1511 1414 1583 Monothe-

368 1629 426 1699 lita
451 1655 531 1700 cum
558 1644 665 1721 esset,
693 1644 727 1702 et
753 1633 827 1725 ipse
852 1635 1046 1726 provocavit
1062 1631 1107 1701 ad
1124 1633 1225 1703 verba
1243 1645 1278 1703 et
1293 1640 1413 1704 aucto·

369 1753 503 1822 ritatem
540 1753 700 1842 Honori,
741 1752 854 1848 quod,
889 1778 956 1849 qua
994 1755 1170 1825 occasione
1193 1753 1323 1826 factum
1349 1757 1412 1845 sit7

372 1876 488 1968 paucis
512 1898 608 1945 nunc
632 1874 889 1971 explicandum.

419 1996 538 2066 Statim
563 2021 604 2067 ac
628 2011 805 2092 promotus
830 2009 917 2068 esset
941 1997 1069 2069 Paulos
1085 1998 1129 2100 ad
1146 1999 1413 2071 patriarchalem

369 2118 491 2189 Sedem
518 2119 947 2216 Constantinopolitanam‚
974 2120 1015 2190 ad
1031 2121 1171 2192 Joannis
1184 2121 1227 2192 lV
1237 2121 1416 2194 successo-

369 2265 465 2332 rem„
499 2241 716 2313 Theodorum
739 2243 885 2337 Papam,
913 2241 1026 2312 literas
1051 2245 1162 2334 misit⁷
1189 2247 1241 2315 uti
1266 2245 1412 2335 dicunt7

369 2363 568 2459 synodicas,
624 2365 750 2460 quibus
786 2364 910 2455 literis7
949 2365 1080 2436 haeresi
1121 2391 1181 2437 sua
1219 2367 1413 2457 occultata,

369 2484 580 2558 Catholicum
613 2511 649 2558 se
674 2510 746 2558 esse
770 2489 815 2557 ita
841 2486 1026 2577 simulavit,
1053 2500 1092 2557 ut
1116 2488 1272 2559 Pontifex
1297 2491 1328 2561 ei
1356 2514 1417 2560 re-

369 2608 562 2703 spondens,
591 2607 696 2679 fidem
721 2612 795 2703 ejus
819 2609 942 2680 festivis
960 2609 1070 2680 verbis
1086 2609 1286 2682 laudaverit.
1318 2611 1416 2684 Haec

370 2733 460 2801 enim
512 2724 557 2801 ad
594 2753 672 2802 eum
715 2732 869 2802 rescribit
897 2731 1095 2802 Theodorus
1132 2734 1241 2829 Papa:
1296 2734 1415 2804 »Lecti

370 2854 506 2946 »apices
530 2851 718 2924 dilectionis
744 2867 873 2924 vestrae
888 2853 1030 2949 limpida
1048 2853 1129 2925 fidei
1146 2853 1277 2926 fluenta
1293 2880 1351 2928 vos
1367 2856 1416 2927 de

370 2971 545 3045 »fontibus
583 2973 762 3045 Salvatoris
801 2970 971 3065 hausisse,
999 2988 1034 3046 et
1059 2978 1147 3047 sicut
1175 2977 1416 3072 praedicamus

371 3097 614 3193 »praedicare⁷
635 3111 689 3184 et
722 3098 1022 3192 quemadmodum
1052 3099 1224 3170 credimus
1249 3100 1413 3191 credere,

370 3248 384 3282 r
394 3234 428 3292 et
452 3221 551 3291 sicuti
575 3219 737 3291 docemus
753 3220 959 3292 indiminute
973 3220 1097 3292 docere
1115 3222 1414 3295 manifestarunt.'’

369 3340 447 3412 Non
474 3354 589 3412 tamen
613 3342 658 3411 ab
683 3345 778 3412 omni
802 3354 897 3435 parte
913 3343 957 3413 de
970 3341 1067 3412 Pauli
1079 3342 1149 3414 lide
1162 3358 1295 3415 certum
1310 3345 1416 3417 fuisse

371 3457 498 3559 Papam
512 3515 522 3553 7
550 3481 593 3534 ex
617 3465 666 3534 iis·
682 3459 774 3558 patet
790 3465 921 3556 verbis‚
940 3489 1028 3560 quae
1044 3479 1122 3560 post
1145 3487 1251 3560 pauca
1265 3468 1411 3563 adJ'ecit:

370 3585 629 3674 „Quamobrem
654 3584 843 3657 fraternitas
867 3598 926 3656 tua
951 3613 970 3656 a
995 3586 1143 3681 publicis
1162 3589 1246 3660 locis
1259 3592 1415 3662 chartam

372 3741 385 3770 »
398 3709 571 3802 [Ectftesr'o
595 3701 782 3802 intelligat,
811 3732 900 3802 quae
924 3732 1088 3803 suspensa
1114 3711 1319 3807 pridemque
1338 3737 1416 3786 cas-

372 3844 465 3901 »sata
502 3829 634 3919 fuerat,
661 3851 732 3902 non
757 3829 920 3901 abstulit?
946 3855 1033 3925 quae
1059 3830 1187 3903 scilicet
1211 3835 1415 3908 scandalum

373 3953 519 4022 »sanctis
556 3952 616 4023 Dei
649 3945 802 4024 Ecclesiis
827 3977 899 4022 non
924 3951 1097 4023 modicum
1124 3954 1252 4026 intulit.
1309 3958 1420 4030 Corde

373 4073 486 4143 »eodm
523 4075 675 4145 creditur
709 4077 758 4147 od
781 4077 985 4169 justitiam,
1025 4101 1083 4145 ore
1106 4087 1222 4148 ocrem
1246 4079 1419 4171 confecero

375 4190 439 4280 »fit
462 4193 500 4261 cic
516 4193 675 4268 salutem.
719 4197 752 4266 Si
777 4195 1007 4289 dejiciendum
1021 4218 1101 4287 ergo
1118 4198 1274 4288 ejusdem
1294 4203 1418 4296 Pyrrhi
