3092 5000
439 895 582 979 otior
606 894 839 993 uuinton.

320 1082 321 1085 Ὗ
405 1135 463 1244 ue
516 1133 651 1246 sexta
697 1134 875 1272 synodo.

168 1758 314 1855 Expedit
351 1772 411 1850 ut,
450 1771 635 1855 antequam
661 1758 784 1831 Sextae
808 1759 938 1856 Synodi
962 1774 1037 1834 auta
1063 1785 1164 1834 enar-

122 1905 255 1972 remus,
295 1905 355 1973 ea,
395 1905 483 1978 quae
520 1884 588 1954 sive
628 1881 777 1954 diximus
813 1885 883 1955 sire
920 1884 1162 1980 probavimus,

119 2004 268 2076 breviter
290 2029 332 2076 ae
355 2017 553 2101 temporum
579 2003 698 2076 ordine
723 2017 853 2077 servato
882 2017 1090 2101 repetamus.

168 2125 271 2200 Anno
303 2129 440 2200 Domini
475 2127 550 2198 666
588 2127 759 2200 Honorius
792 2131 939 2224 priorem
979 2128 1023 2200 ad
1050 2131 1165 2224 Sergi·

120 2277 180 2324 um
207 2253 323 2323 scribit
347 2251 541 2348 epistolam.

167 2373 268 2447 Anno
294 2373 367 2444 666
400 2373 535 2467 Sergius
560 2398 579 2444 a
614 2396 650 2445 se
669 2371 860 2446 confectam
877 2373 1033 2446 Heraclio
1050 2371 1165 2470 Impe-

122 2499 225 2570 ratori
250 2498 351 2570 offert
375 2496 555 2586 Eethesin‚
583 2521 672 2593 quae
694 2510 832 2587 tamen,
852 2498 984 2570 vivente
1001 2497 1165 2588 Houorim

122 2621 261 2716 publice
285 2645 356 2692 non
382 2619 634 2715 promulgatur.

170 2741 271 2815 Auno
298 2741 390 2833 688,
418 2765 538 2814 mense
560 2742 721 2832 Octobri,
749 2742 921 2814 Honorius
946 2743 1103 2815 moritur.

170 2865 271 2936 Anno
309 2864 381 2934 669
435 2863 674 2960 pmmulgatur
702 2863 869 2956 Euthesis3
895 2864 998 2958 legati
1022 2867 1167 2937 Romani

122 2988 453 3083 Constantinopolim
507 2989 621 3078 missi,
676 2999 715 3058 ut
756 2988 906 3058 Severini
947 2989 1061 3083 Papae
1072 2989 1086 3078 a*
1132 2991 1169 3058 in

122 3112 264 3183 Honorii
299 3110 415 3182 locum
452 3109 573 3200 electi,
613 3109 912 3180 confirmationem
937 3110 982 3181 ab
1015 3110 1169 3206 Impera·

123 3248 197 3306 tore
237 3236 442 3329 impetrent‚
478 3232 695 3328 quantumvis
727 3230 771 3301 ad
803 3231 869 3303 hoo
894 3231 1083 3323 sollicitati7
1112 3258 1168 3305 re-

122 3369 237 3432 nuunt
253 3382 317 3453 pro
334 3357 493 3429 Severino
507 3355 691 3451 spondere⁷
710 3353 913 3426 Pontificem
931 3355 1030 3427 illum
1047 3355 1170 3430 Euthe-

122 3484 180 3561 sin‘
196 3505 268 3553 esse
292 3481 577 3576 approbaturum.
607 3480 737 3551 Romae
759 3479 896 3550 interim
909 3479 1021 3550 cleriei
1041 3481 1173 3575 prima·

121 3617 173 3676 tes
209 3606 246 3674 in
282 3603 422 3674 exilium
460 3603 711 3697 conjiciuntur⁷
746 3603 909 3697 episcopii
938 3601 1171 3674 Lateraneusis

12 3787 13 3792 ,
123 3726 164 3798 fit
180 3726 399 3822 depraedatio
415 3780 424 3816 s
444 3749 522 3820 pars
538 3725 725 3821 spoliorum
743 3725 1074 3821 Constantinopolim
1090 3727 1172 3796 mit-

122 3852 228 3938 titur,
258 3847 479 3944 postmodum
506 3848 688 3919 Severinus
712 3847 900 3918 ordinatur.

171 3971 272 4044 Anno
311 3970 380 4041 ott
418 3971 568 4043 Severini
594 3994 769 4042 successor
807 3969 956 4042 Joannes
993 3971 1085 4066 Papa
1126 3971 1170 4042 tv

123 4095 296 4192 Pyrrhum
321 4092 759 4190 Constantinopolitanum‚
778 4093 917 4165 Honorii
935 4095 1172 4166 auctoritatem

11 4217 13 4328 J
121 4243 186 4316 pro
212 4218 380 4290 haeretica
407 4219 527 4290 unicae
549 4216 668 4288 Christi
695 4216 879 4288 voluntatis
904 4216 1058 4292 doctrina
1072 4220 1169 4290 invo-
