3092 5000
865 503 935 576 tte

378 685 590 779 operationes
615 680 747 753 silentio
772 694 949 752 accusatur
975 680 1159 752 Honorius.
1188 679 1299 749 Tertia
1312 701 1416 747 nam-

379 828 469 899 que,
496 829 598 900 quam
626 804 780 875 codicum
807 814 987 897 corruptor
1011 802 1207 896 Imperatori
1228 800 1414 888 obtulerat,

379 927 531 998 chartula
566 951 625 997 seu
661 927 774 1020 potius
801 924 909 996 codex
940 939 975 996 et
1000 925 1104 1018 Sergii
1142 923 1186 994 ad
1223 923 1416 994 Honorium

353 1063 425 1140 et,
454 1050 592 1146 qualem
618 1073 693 1120 eam
720 1072 816 1120 nnnc
840 1046 1003 1141 legimuS,
1031 1049 1178 1143 priorem
1203 1047 1346 1118 Honorii
1371 1043 1418 1115 ad

380 1172 537 1264 Sergium
562 1171 759 1243 continebat
782 1170 974 1267 epistolam.
1001 1169 1134 1257 Quibus
1152 1170 1351 1265 praelectiS,
1367 1169 1416 1236 ita

375 1295 522 1366 decrevit
547 1295 760 1366 Concilium:
797 1293 963 1390 »Oportet
996 1293 1038 1363 ad
1064 1318 1126 1365 nos
1150 1291 1262 1364 afferri
1283 1299 1417 1384 regesto

375 1442 439 1489 »ac
471 1418 659 1511 dogmatica
692 1419 836 1513 scripta,
873 1441 960 1513 quae
996 1419 1147 1512 exposita
1184 1427 1265 1486 sunt
1288 1440 1309 1485 a
1334 1415 1418 1484 Ser-

374 1545 512 1636 »gio....
552 1566 610 1614 seu
650 1543 694 1612 ab
732 1542 883 1613 Honorio
922 1541 966 1612 ad
1005 1541 1161 1633 Sergium
1197 1539 1284 1611 faeta
1310 1563 1418 1634 super

374 1668 566 1760 »praesenti
591 1664 780 1758 dogmatica
805 1667 1023 1762 quaestione,
1050 1667 1230 1760 rejacentia
1254 1666 1293 1734 iu
1315 1687 1419 1734 socro

374 1788 673 1885 »chartophylacio
714 1789 820 1883 huyite
859 1789 1061 1861 venerabilis
1101 1788 1332 1882 potrmrchii,
1375 1799 1420 1857 ut

373 1911 616 1985 »conferantur
652 1937 732 1984 cnm
771 1911 964 2004 codicibus,
1005 1914 1065 2009 qui
1097 1913 1245 2007 piissimo
1271 1910 1418 1981 domino

375 2047 512 2107 »nostro
548 2037 690 2132 principi
714 2061 733 2105 a
761 2036 904 2108 Macerio
930 2035 1035 2107 oblati
1059 2047 1139 2106 sunt
1171 2047 1205 2106 et
1239 2056 1333 2105 nune
1358 2057 1421 2103 re-

376 2155 524 2248 »lecti⁷'3
565 2183 652 2254 qnae
689 2160 761 2253 ipsa
798 2159 924 2230 decreti
961 2159 1063 2230 verba
1097 2182 1213 2230 ansam
1247 2155 1420 2253 praebere

305 2347 308 2354 .
374 2279 531 2352 ridentur
555 2282 749 2376 suspicioni,
778 2281 918 2352 Honorii
942 2280 1119 2376 epistolam
1147 2293 1229 2351 tunc
1248 2280 1420 2373 temporis

373 2402 501 2499 Synodi
518 2404 672 2475 Patribus
688 2428 759 2475 non
772 2403 872 2475 fuisse
885 2406 1068 2497 cognitam.
1103 2405 1265 2496 Georgius
1282 2405 1417 2498 itaque,

363 2526 539 2598 Ecclesiae
552 2527 943 2624 Constantinopolitanae
956 2526 1215 2623 chartophylax,
1231 2525 1420 2622 paululum

373 2673 524 2740 egressus
559 2663 595 2719 ut
620 2651 791 2746 praedicta
815 2653 939 2746 scripta
963 2651 1121 2740 efferret,
1145 2674 1227 2721 mox
1259 2672 1419 2720 reversus

373 2771 543 2864 regestum
580 2773 741 2866 protulit,
781 2773 935 2844 »habens
969 2773 1147 2868 epistolam
1172 2772 1340 2864 Sergii...
1369 2771 1420 2840 ad

374 2892 608 2984 »Honorinm,
636 2894 812 2990 quondam
837 2896 965 2990 Pupam
990 2897 1199 2967 Romanum.
1236 2893 1275 2964 Et
1288 2891 1418 2965 collata

373 3028 447 3087 »est
483 3039 563 3086 oum
602 3017 738 3105 codice,
766 3019 824 3113 qui
849 3041 867 3086 a
892 3017 1037 3088 Macerio
1062 3018 1161 3088 datus
1186 3030 1237 3087 est
1260 3017 1418 3112 piissimo

376 3171 389 3199 »
399 3139 565 3234 principi,
583 3151 617 3210 et
634 3141 794 3210 constitit.
822 3139 984 3210 Similiter
1008 3140 1138 3235 prolata
1155 3152 1206 3210 est
1218 3164 1238 3209 a
1252 3139 1415 3230 Georgio,

374 3261 469 3331 »Deo
504 3260 646 3364 ,amabili
687 3261 829 3333 diacono
872 3275 907 3332 et
944 3261 1228 3357 chartophylace,
1269 3260 1419 3355 eprotobe

375 3414 388 3441 »
399 3383 596 3454 authentico
620 3384 747 3454 Eotiuo
763 3383 920 3474 Houorii,
938 3385 1112 3479 quondam
1125 3386 1238 3480 Papae
1251 3384 1414 3473 Romani,

376 3503 445 3572 »ed
468 3504 644 3597 Sergium,
673 3505 848 3601 quondam
873 3507 1102 3578 Patriercham
1128 3507 1419 3600 Constantinopo-

377 3625 492 3717 »le0s,
530 3653 597 3698 una
628 3652 707 3699 cum
735 3633 807 3723 ejus
832 3630 1130 3724 interpretatione,
1157 3643 1191 3702 et
1214 3629 1342 3701 colloto
1367 3641 1419 3700 eet

313 3781 315 3788 r
378 3751 518 3821 »eodem
542 3752 669 3822 Latino
681 3751 823 3846 epistole
836 3776 898 3846 per
910 3753 1078 3824 ioannem
1095 3751 1416 3824 reverendissimum

378 3867 607 3966 »Episcopum
623 3875 763 3944 civitatis
780 3875 993 3964 Portnensis,
1021 3877 1086 3971 qui.
1104 3900 1195 3947 unns
1221 3875 1348 3945 exstitit
1372 3871 1417 3942 de

377 3989 549 4065 »Concilio
566 3997 724 4090 antiquae
748 3997 875 4068 Romae
901 3999 938 4089 [i.
953 4021 985 4068 e.
1001 4023 1072 4070 non
1085 4001 1213 4072 summi
1225 3993 1414 4085 Pontificio,

377 4111 459 4180 »sed
484 4114 621 4187 Concilii
645 4119 790 4188 Romani
813 4117 978 4210 legatus]3
1005 4149 1044 4192 ur
1070 4118 1267 4194 cousrrrrr.”

425 4230 510 4304 Ecce
529 4240 603 4328 J'am
628 4238 770 4311 alterum
796 4238 947 4330 fontem,
975 4265 994 4312 e
1020 4268 1088 4338 quo
1116 4243 1241 4339 prodiit
1258 4242 1411 4331 Honori,
