3140 5004
780 429 782 434 ·
858 395 881 465 8

390 573 429 637 In
459 579 581 638 tantum
610 571 697 637 vobis
731 570 930 636 sanctissimis
965 573 1166 634 consonanter
1188 567 1224 632 in
1246 565 1391 630 omnibus

344 673 549 740 unanimitate
572 673 699 759 spiritus
722 673 978 758 constringimur,
1002 676 1039 734 ut
1061 669 1237 734 studeamus
1251 667 1390 732 omnium

345 775 543 842 consiliorum
576 782 750 841 nostrorum
781 782 812 840 et
846 775 1001 839 actionum
1022 794 1076 835 vos
1098 769 1316 834 sacratissimos
1337 769 1392 832 ha·

344 877 414 942 bere
436 877 663 962 praesidentes:
688 883 719 941 et
741 877 802 941 nisi
824 876 992 962 plurimum
1013 874 1150 938 locorum
1175 871 1323 936 distantia
1345 896 1393 938 se·

341 979 484 1064 jungeret
491 1027 500 1056 ,
524 977 583 1042 hoc
598 978 705 1062 utique
717 978 857 1062 quotidie
869 998 1053 1064 gereremus,
1065 980 1181 1039 vestrae
1193 973 1388 1067 honorandae
1476 977 1483 990 ¹

343 1078 559 1165 unanimisque
593 1079 795 1144 fraternitatis
820 1079 958 1157 munito,
982 1082 1162 1159 muratoquc
1185 1075 1390 1160 nosmetipsos

342 1180 606 1266 circumsepientcs
640 1180 803 1246 consultu:
838 1187 973 1245 attamen
1007 1177 1153 1263 quoniam
1182 1175 1272 1242 nobis
1295 1176 1387 1242 etiam

343 1304 457 1359 sermo,
481 1288 573 1366 atque
595 1282 709 1366 absque
721 1281 824 1347 labore
835 1282 942 1359 litera,
956 1280 1039 1365 quod
1051 1279 1224 1356 studemus,
1237 1277 1385 1364 impartit,

342 1383 504 1448 confestim
527 1375 568 1447 ea'
583 1406 639 1469 pro
662 1383 774 1467 quibus
797 1384 856 1448 hoc
874 1382 1041 1450 scribimus
1064 1401 1249 1444 enarramus.

385 1485 469 1549 Ante
500 1483 626 1568 aliquod
656 1490 772 1561 certum
808 1491 946 1569 tempus,
981 1505 1052 1547 cum
1074 1480 1216 1546 adversus
1239 1480 1387 1545 Persasa

288 1640 291 1644 .
343 1586 409 1650 Deo
433 1586 630 1650 confirmatus
653 1585 796 1649 dominus
820 1593 924 1649 noster
946 1591 977 1648 et
999 1605 1128 1668 magnus
1151 1581 1247 1646 victor
1269 1604 1389 1667 promo·

340 1685 434 1750 visset
469 1685 652 1763 exercitum,
687 1691 811 1771 propter
845 1685 1010 1750 certamina
1044 1684 1149 1748 aDcc
1172 1682 1231 1747 sibi
1254 1683 1385 1748 creditae

340 1785 463 1851 Christo
497 1785 637 1851 amabilis
670 1786 872 1872 reipublicae,
897 1793 929 1851 et
951 1788 990 1850 ad
1012 1791 1113 1871 partes
1134 1782 1297 1848 Armeniae
1318 1806 1386 1869 pro·

340 1887 457 1974 vinciae
479 1888 682 1973 pervenisset,
706 1911 788 1952 unus
811 1912 848 1955 ex
870 1887 1062 1974 principibus
1084 1886 1196 1970 impiae
1217 1885 1314 1971 partis
1335 1884 1385 1951 Se·

339 1989 402 2054 veri
435 1988 630 2068 execrabilis,
665 1989 790 2054 nomine
820 1990 953 2068 Paulus,
976 1987 1096 2054 inillis
1118 1986 1195 2051 locis
1218 2009 1382 2072 apparens,

339 2090 378 2154 ad
412 2090 477 2174 ejus
511 2089 658 2175 pietatem
684 2090 825 2169 accessit,
849 2113 1018 2156 sermonem
1033 2079 1036 2083 ¹
1049 2111 1105 2174 pro
1136 2110 1191 2152 sua
1213 2086 1383 2152 errabunda

338 2190 455 2255 haeresi
489 2191 645 2277 proferens
675 2199 707 2257 et
732 2193 792 2257 hoc
813 2193 949 2277 profecto
972 2192 1132 2254 dumtaxat
1154 2188 1366 2254 satisfaciendo
1372 2216 1381 2268 ;

337 2291 373 2355 in
395 2291 507 2375 quibus
530 2292 669 2378 piissima
691 2295 756 2378 ejus
771 2317 806 2358 ac
817 2283 926 2379 regalis
938 2290 1172 2378 magnanimitas
1184 2293 1264 2374 (cum
1276 2291 1383 2355 ceteris

271 2389 275 2392 ’
338 2393 421 2457 enim
451 2391 541 2457 donis
571 2394 648 2471 Dei,
681 2394 773 2458 etiam
804 2395 979 2459 divinorum
1001 2395 1181 2478 dogmatum
1202 2390 1383 2476 locupletari

338 2493 468 2558 scientia
489 2494 612 2579 meruit)
636 2495 711 2558 dum
732 2497 953 2581 redarguisset,
977 2501 1069 2578 atquc
1091 2493 1302 2579 depompasset
1317 2515 1383 2578 pra-

336 2617 406 2658 vam
429 2595 493 2680 ejus
516 2594 723 2681 impietatem,
746 2597 883 2682 profanis
907 2597 971 2682 ejus
994 2595 1116 2661 astutiis
1128 2600 1249 2668 sanctae
1260 2601 1381 2661 nostrae

336 2694 508 2773 Ecclesiae,
531 2703 568 2761 ut
590 2719 679 2761 verus
702 2698 767 2782 ejus
790 2704 1015 2784 propugnator,
1039 2701 1223 2779 rectaatque
1237 2695 1382 2761 immacu·

335 2795 399 2860 lata
421 2819 437 2861 e
461 2797 579 2862 diverso
602 2798 732 2883 protulit
753 2799 914 2884 dogmata;
936 2799 1017 2863 inter
1039 2819 1116 2882 quae
1139 2803 1170 2860 et
1193 2795 1285 2861 unius
1316 2820 1383 2882 ope·

335 2897 464 2961 rationis
494 2898 610 2964 Christi
644 2898 706 2964 veri
740 2900 800 2964 Dei
822 2900 919 2964 nostri
946 2899 1134 2964 mentionem
1156 2897 1239 2962 fecit.
1262 2933 1307 2948 »-
1329 2899 1382 2984 [de

333 2997 449 3078 literis,
483 3021 559 3083 quas
592 3000 657 3086 ipse
688 3001 811 3086 Sergius
845 3002 884 3064 ad
916 3000 1049 3065 Paulum
1071 3000 1156 3063 hunc
1178 2999 1380 3064 Monoculum

335 3100 570 3186 conscripserat,
594 3102 692 3167 altum
715 3102 824 3167 callide
846 3103 920 3167 facit
945 3101 1130 3185 silentium]

377 3201 452 3266 Post
482 3202 608 3287 aliquod
630 3227 701 3268 vero
724 3211 845 3290 tempus
866 3204 949 3268 idem
973 3226 990 3267 a
1014 3203 1079 3267 Dec
1103 3203 1298 3266 confirmatus
1320 3203 1381 3267 Im-

335 3308 457 3386 perator
486 3303 522 3368 in
547 3305 736 3389 provinciam
758 3305 910 3369 Lazarum
932 3304 1113 3381 adveniens,
1137 3302 1311 3368 recordatus
1334 3312 1381 3368 est

333 3401 569 3488 disputationis,
605 3428 713 3489 quam,
749 3406 829 3470 sieut
859 3400 1011 3483 diximus,
1042 3404 1154 3470 fecerat
1184 3405 1223 3468 ad
1245 3405 1378 3470 Paulum

333 3501 425 3567 illum
458 3504 662 3584 haereticum,
696 3507 732 3571 in
760 3507 932 3592 praesentia
965 3506 1038 3590 Cyri
1072 3505 1273 3584 sanctissimi,
1304 3513 1380 3572 tunc

335 3603 460 3687 quidem
483 3606 619 3700 ejusdcm
640 3607 763 3672 Christo
787 3607 927 3672 amabilis
949 3607 1100 3672 Lazorum
1123 3606 1297 3692 provinciae
1319 3631 1380 3674 me

334 3705 554 3790 trop'olitanam
576 3701 685 3773 Sedem
707 3708 843 3774 tenentis
850 3757 860 3786 ,
884 3731 968 3773 nunc
980 3714 1081 3772 autem
1093 3731 1235 3794 magnam
1247 3709 1379 3774 Alexan·

334 3806 433 3870 driam
466 3809 609 3893 regentis.
655 3810 835 3874 Praedictus
869 3808 966 3894 igitur
999 3809 1209 3874 sanctissimus
1243 3810 1304 3889 vir,
1328 3809 1377 3876 his

334 3906 465 3986 auditis,
489 3909 554 3993 ejus
577 3910 734 3975 screnitati
756 3911 931 3996 respondit,
955 3910 1071 3975 nescire
1083 3910 1254 3989 subtiliter,
1271 3918 1376 3976 utrum

335 4030 429 4072 unam
451 4031 491 4074 an
512 4010 587 4074 duas
610 4012 800 4098 operationes
821 4011 938 4076 Christi
961 4012 1024 4076 veri
1042 4013 1101 4076 Dei
1113 4013 1211 4076 nostri
1222 4013 1377 4078 adstruere
1411 4045 1413 4050 ·

335 4131 456 4174 necesse
485 4111 535 4175 sit.
581 4113 662 4198 Ergo
685 4136 737 4200 per
758 4113 925 4198 jussionem
948 4114 1012 4198 ejus
1034 4113 1173 4198 pietatis,
1197 4136 1251 4198 per
1272 4113 1377 4180 literas
