3140 5004
874 479 922 548 bl

372 682 385 708 n
396 650 429 717 in
465 651 568 722 domo
594 650 761 724 placidiae
786 666 978 743 sacratum,
1006 657 1041 724 in
1067 655 1252 726 venerabili
1278 653 1418 725 oraculo

372 807 384 832 υ
396 774 596 845 subvertens
637 775 800 871 diripuit,
843 777 1029 872 prohibens
1067 801 1111 848 ne
1149 776 1359 850 adorandam
1385 791 1422 846 et

371 898 648 968 »immaculatam
676 899 841 988 hostiam,
864 899 899 968 id
913 913 984 989 est,
1006 925 1135 970 sacram
1151 900 1420 971 celebrationem

371 1021 603 1114 »apocrisiarii
641 1023 746 1093 nostri
785 1022 911 1093 ibidem
956 1024 1027 1094 Deo
1068 1023 1193 1094 offerre
1218 1021 1353 1093 valeant
1386 1035 1423 1092 et

374 1143 548 1214 »vivificae
563 1144 698 1216 divinae
714 1147 966 1217 communionis
984 1159 1194 1218 sacramenta
1212 1147 1421 1241 percipiant.

372 1266 489 1353 »Quos
527 1267 681 1339 videlicet
724 1271 974 1364 apocrisiarios„
1018 1271 1076 1365 qni
1111 1295 1153 1341 ex
1179 1270 1425 1365 praeceptione

371 1388 600 1484 »apostolicae
633 1393 839 1462 auctoritatis
865 1405 1153 1464 commonuerunt
1179 1417 1283 1480 eum,
1313 1405 1352 1462 nt
1377 1391 1425 1461 de

373 1512 456 1582 »tali
492 1513 662 1584 haeretico
693 1515 827 1588 intentu
852 1515 1047 1604 recedereta
1077 1538 1212 1585 necnon
1239 1517 1427 1586 contestari

373 1636 456 1704 »visi
482 1648 587 1725 sunt,
616 1637 907 1731 persecutionibus
932 1637 1069 1708 diversis
1095 1662 1174 1707 cum
1207 1635 1279 1706 aliis
1304 1636 1428 1708 ortho-

375 1757 495 1828 »doxis
532 1759 609 1827 viris
651 1771 684 1828 et
716 1760 967 1830 venerabilibus
992 1759 1224 1830 sacerdotibus
1249 1761 1430 1830 insecutus

376 1892 451 1949 »est
476 1903 556 1968 eosa
584 1881 748 1975 quosdam
776 1905 895 1953 eornm
921 1882 1093 1953 custodiae
1111 1881 1313 1970 retrudens„
1342 1881 1430 1952 alios

377 2003 435 2071 »in
476 2001 575 2072 exilio
620 2001 824 2096 deportans7
869 2003 950 2073 alios
975 2016 1090 2074 autem
1117 2004 1317 2075 verberibus
1343 2003 1432 2074 sub-

376 2159 390 2185 »
403 2122 561 2194 mittens''
583 2124 591 2158 ¹
598 2144 621 2212 j.
650 2124 718 2193 Has
743 2125 844 2216 igitur
868 2125 913 2194 ob
931 2148 1068 2214 causas,
1087 2139 1190 2221 atque
1204 2139 1243 2195 ut
1260 2126 1431 2197 solemni-

378 2269 436 2318 ore
474 2246 591 2341 Typus
631 2247 797 2315 sententia
839 2246 1148 2326 condemnaretur,
1195 2247 1308 2319 dictus
1334 2248 1433 2342 Papa

379 2369 543 2438 Martinus
577 2387 694 2438 mense
732 2367 869 2438 Octobri
904 2371 984 2439 anni
1011 2368 1083 2438 ota
1110 2369 1299 2442 Concilium
1328 2371 1434 2441 Late-

381 2514 524 2560 ranense
547 2492 766 2580 convocavit,
793 2515 880 2585 quae
897 2491 1076 2587 Synodusq
1097 2495 1143 2562 ait
1160 2493 1293 2583 Binius7
1313 2506 1435 2564 tantae

380 2626 430 2683 est
472 2611 726 2706 amplitudinis,
767 2614 937 2704 dignitatis
975 2639 1014 2685 ac
1053 2617 1259 2708 majestatis,
1305 2628 1343 2685 ut
1385 2615 1436 2684 ad

381 2735 520 2830 plenam
548 2734 626 2804 fidei
655 2733 846 2815 Catholicae
871 2735 1138 2830 professionemq
1171 2749 1249 2832 post
1275 2739 1436 2832 quinque

382 2856 621 2928 universalium
650 2856 865 2951 Synodornm
893 2861 1134 2948 assertionemq
1162 2859 1266 2952 hujus
1292 2884 1437 2954 quoque

330 3015 332 3020 v
383 2977 630 3050 confessionem
643 3003 751 3072 usque
764 2979 807 3048 ad
815 2979 954 3074 plenam
964 2983 1049 3050 sexti
1057 2981 1280 3052 Oeeumeniei
1289 2981 1437 3054 Concilii

382 3100 693 3195 promulgationem
719 3099 838 3170 fideles
866 3101 1012 3194 adjicere
1037 3102 1187 3173 solerent
1214 3104 1254 3190 ¹).

433 3222 642 3315 Argumenta
668 3233 804 3311 autem7
833 3225 956 3317 quibus
974 3229 1151 3320 corruptas
1168 3227 1271 3298 fnisse
1290 3227 1439 3298 Honorii

384 3345 497 3415 literas
522 3344 825 3432 demonstrabitur7
854 3369 964 3438 quum
992 3349 1139 3417 maxima
1165 3348 1307 3443 quidem
1334 3363 1439 3442 parte

384 3491 427 3536 ex
459 3467 498 3534 iis
523 3464 733 3534 desumenda
759 3466 847 3552 sinn
876 3491 962 3559 quae
987 3491 1065 3538 cum
1094 3469 1182 3564 Typi
1218 3470 1441 3541 condemna-

385 3591 478 3658 tione
502 3589 623 3656 intime
648 3585 870 3674 cohaereant,
898 3589 1049 3682 profecto
1083 3615 1223 3662 necesse
1249 3616 1323 3662 esse
1340 3594 1441 3664 vide-

384 3725 460 3796 tur7
488 3723 527 3779 ut
547 3721 626 3778 ante
651 3710 765 3777 omnia
781 3710 889 3802 ipsam
906 3734 1043 3780 causam
1061 3712 1275 3803 indicemus,
1292 3729 1440 3810 propter

386 3855 488 3926 quam
529 3831 645 3924 Typns
682 3828 928 3900 condemnatus
953 3833 1007 3901 sit.
1058 3834 1115 3920 ,sie
1140 3837 1256 3930 itaque
1282 3836 1441 3932 loquitur

387 3953 576 4024 Concilium
603 3954 850 4042 Lateranense,
880 3954 1065 4026 Secretario
1091 3957 1152 4027 lV:

427 4162 455 4228 1)
491 4159 585 4214 nabbe
602 4161 662 4224 vr,
681 4163 722 4214 91.

428 4243 456 4311 a)
492 4240 562 4296 raia.
579 4244 640 4296 aas.
