3092 5000
652 481 698 554 79

153 673 372 730 »currentem
423 673 458 730 et
509 659 553 729 ad
593 660 747 730 bravium
790 674 1028 756 properantem
1067 673 1197 732 vestrae

150 780 389 876 »Apostolicae
423 779 557 852 Sedis.”
599 780 701 868 Quod
733 784 760 852 si
785 784 864 877 quis
885 783 942 853 hic
965 808 985 853 a
1012 807 1066 854 me
1091 806 1196 878 quae·

150 916 224 993 rat,
265 906 326 999 qui
363 904 501 976 tandem
539 903 666 974 linerint
704 906 757 974 isti
789 919 1043 999 persecutores,
1071 931 1091 976 a
1116 929 1195 976 vero

148 1049 222 1097 non
249 1026 397 1096 multum
424 1027 581 1097 aberrare
607 1026 688 1096 mihi
714 1026 843 1121 videor,
870 1029 897 1096 si
924 1052 981 1099 eos
1007 1052 1063 1098 me
1084 1030 1196 1122 suspi-

147 1149 218 1218 cari
246 1148 437 1243 respondeo
454 1148 659 1244 Episcopos,
685 1172 770 1245 quos
800 1152 1000 1221 anctoritate
1028 1149 1196 1222 Theodori

154 1276 269 1368 Papae
293 1276 490 1369 deposuisse
514 1299 570 1364 se,
599 1289 713 1346 namot
736 1279 810 1370 ipse
835 1277 1042 1371 Stephanus

198 1397 300 1486 Quod
341 1398 383 1468 ad
426 1398 618 1470 secundum
660 1400 801 1488 attinet,
844 1411 962 1470 utrum
996 1402 1071 1495 ipso
1112 1425 1192 1471 cum

149 1521 303 1592 Honorio
341 1519 385 1590 de
421 1520 550 1592 haeresi
587 1519 781 1614 Stephanus
821 1524 946 1614 egerit,
993 1523 1116 1616 injuria
1158 1525 1193 1592 in

148 1643 296 1714 dubium
334 1656 525 1714 revocatur.
571 1644 657 1713 Nam
696 1655 778 1714 ante
799 1657 935 1750 captam
962 1669 1033 1716 non
1058 1644 1191 1732 solum,

150 1789 269 1836 verum
296 1768 395 1836 etiam
423 1778 504 1836 ante
522 1765 690 1836 obsessam
715 1789 734 1836 a
750 1766 923 1837 Saracenis
939 1767 1058 1838 urbem
1072 1767 1194 1837 Hiero·

148 1887 411 1983 solymitanam,
439 1886 540 1980 legati
567 1911 693 1957 munus
716 1888 781 1982 ipsi
807 1887 1052 1960 demandatum
1075 1888 1190 1979 fuisse,

149 2023 242 2105 patet
274 2035 318 2081 ex
350 2010 461 2081 serbis
494 2008 696 2103 Sophronii,
740 2011 872 2104 quippe
900 2013 960 2105 qui
984 2012 1125 2082 Praesul
1149 2011 1193 2082 ad

150 2156 231 2203 eum
271 2133 417 2204 dixerit:
458 2131 551 2224 »Ego
589 2131 655 2202 hoo
674 2130 785 2201 facere
810 2131 1030 2226 corporaliter
1054 2145 1194 2228 propter

147 2277 339 2326 »emersam
354 2279 397 2326 ex
412 2256 534 2326 nostris
548 2256 694 2348 peccatis
707 2255 936 2325 incursionem
945 2256 1190 2326 Saracenorum

146 2411 161 2440 »
173 2376 414 2474 praepedior.’'
432 2378 466 2448 Si
483 2379 598 2470 igitur,
614 2376 708 2471 qood
720 2401 822 2448 nemo
835 2403 906 2449 non
924 2377 1084 2469 affirmat,
1100 2402 1191 2451 anno

145 2500 241 2592 638,
284 2524 400 2572 mense
438 2499 597 2589 Octobri,
637 2500 708 2569 vita·
743 2498 882 2570 functus
914 2512 964 2570 est
996 2500 1189 2590 Honorius,

145 2624 264 2718 sique,
292 2622 386 2718 quod
411 2646 453 2693 ex
479 2620 696 2710 auctoribus,
729 2646 815 2716 quos
843 2622 899 2692 hic
923 2623 1189 2717 impugnamus,

145 2744 318 2816 affirmant
353 2769 424 2815 non
465 2745 585 2838 pauci,
630 2743 711 2814 urbs
749 2742 1077 2840 Hierosolymitana,
1115 2759 1192 2838 post

145 2868 294 2940 duorum
334 2890 503 2938 annorum
531 2865 783 2955 obsessionem,
811 2891 902 2938 anno
925 2866 1017 2957 636,
1045 2892 1064 2937 a
1091 2868 1190 2937 Sara-

144 2993 238 3062 cenis
279 3004 378 3084 capta
418 3001 489 3078 est,
531 2987 652 3084 procul
692 2986 797 3058 dubio
827 2988 969 3059 Romam
999 2991 1190 3082 pervenisse

143 3113 311 3185 dicendus
336 3125 403 3198 ,est
445 3110 658 3206 Stephanus,
701 3111 835 3181 vivente
873 3110 987 3181 adhuc
1023 3111 1187 3183 Honorio.

142 3236 237 3308 Idem
273 3258 411 3331 quoque
447 3232 698 3327 admittendum
735 3245 804 3321 est,
840 3235 972 3304 etiamsi
996 3234 1187 3304 secundum

143 3383 218 3430 eam
253 3360 464 3452 opinionem,
506 3379 594 3450 quae
626 3353 727 3425 hodie
760 3359 975 3428 communior
999 3369 1069 3444 est,
1097 3380 1189 3427 anno

120 3478 282 3552 'tandem
327 3477 399 3548 667
425 3478 582 3549 Saraceni
610 3477 729 3546 urbem
757 3477 938 3571 cepissent..
982 3477 1144 3565 Quinimo
1161 3480 1187 3548 si

145 3605 261 3698 paucis
293 3604 332 3678 iis
361 3599 601 3694 scriptoribus,
629 3599 689 3694 qui
713 3623 804 3669 anno
829 3598 971 3670 demum
997 3599 1069 3670 666
1099 3613 1188 3671 tem-

146 3749 229 3820 pore
268 3747 395 3812 verno,
437 3733 512 3815 post
551 3734 700 3815 quatuor
738 3723 909 3791 mensium
947 3721 1185 3812 obsidionem,

145 3847 265 3917 urbem
282 3857 419 3939 captam
437 3865 509 3913 esse
525 3842 666 3931 docent,
684 3864 762 3913 vera
779 3866 863 3932 esse,
886 3866 974 3938 quae
989 3843 1185 3934 adstruunt,

142 3966 432 4054 concederemus,
460 3963 514 4035 vel
538 3963 604 4035 boc
630 3967 667 4034 in
692 3989 769 4034 casu
797 3978 877 4035 ante
892 3965 1034 4036 Honorii
1052 3967 1184 4037 obitum

140 4091 283 4162 Romam
309 4090 439 4160 venisse
463 4101 568 4182 atque
593 4087 841 4158 haereticorum
869 4090 1050 4160 conamina
1067 4089 1186 4160 Ponti-

134 4212 196 4282 fici
229 4215 426 4306 exposuisse
454 4212 534 4304 jure
571 4211 690 4280 merito
734 4209 935 4304 perhibetur
974 4210 1182 4305 Stephanus,
