3092 5000
873 477 941 548 toa

382 668 540 745 cantem„
568 655 693 749 scripta
719 653 762 724 ad
792 653 1052 724 Constantinum
1078 653 1321 749 Imperatorem
1340 678 1427 749 apo·

359 781 489 872 logia,
516 776 653 849 refellit.
1267 865 1270 872 ι

431 900 532 973 Anno
546 898 618 972 ott
634 899 805 996 Pyrrhum
830 899 866 968 in
879 897 990 970 Africa
1011 899 1189 994 disputans
1206 923 1286 970 cum
1304 899 1340 970 S.
1351 899 1426 970 Ma-

382 1029 474 1098 ximo
500 1037 534 1095 et
566 1023 755 1095 Honorium
790 1046 895 1093 unam
922 1034 1057 1093 tantum
1082 1023 1219 1094 Domini
1248 1022 1425 1094 admisisse

380 1148 591 1221 voluntatem
617 1145 731 1217 denuo
746 1143 941 1236 affirmans,
958 1170 976 1215 a
991 1146 1026 1215 S.
1048 1145 1195 1216 Maximo
1214 1144 1423 1217 confutatur.

434 1274 531 1341 rinno
569 1268 642 1338 titt
678 1268 809 1364 Pyrrho
852 1268 1015 1340 suffectus
1048 1268 1174 1339 Paulus
1207 1269 1424 1360 Patriarcha‚

381 1397 416 1466 in
445 1417 497 1483 ea,
516 1417 619 1488 quam
645 1393 689 1462 ad
720 1392 938 1470 Theodorum
964 1393 1092 1487 Papam
1118 1393 1228 1482 misit,
1256 1391 1424 1487 epistola,

384 1516 546 1587 eumdem
573 1515 617 1586 de
642 1514 764 1586 Christi
788 1515 964 1586 voluntate
1000 1539 1150 1586 errorem
1185 1514 1336 1587 Honorio
1362 1516 1427 1586 ad-

386 1639 515 1710 scribit.
975 1641 979 1654 '

428 1759 528 1831 Anno
562 1759 635 1829 ctu
675 1759 840 1832 Constans
872 1761 1061 1856 Imperator
1104 1760 1256 1839 sublatae
1293 1761 1428 1833 Ecthesi

379 1883 552 1955 substituit
588 1883 745 1978 Typum‚
786 1908 854 1979 quo
886 1883 930 1955 de
968 1883 1090 1970 Christi
1126 1883 1357 1956 voluntatibus
1394 1899 1428 1956 ct

380 2005 634 2101 operationibus
662 2005 833 2077 silentium
865 2005 1038 2078 indicitur.
1533 2085 1534 2094 ἵ

427 2127 527 2199 Anno
553 2126 625 2197 tta
662 2128 697 2198 S.
726 2128 889 2199 Martinus
910 2131 1030 2221 Papa,
1071 2129 1207 2224 Typum
1245 2129 1290 2199 ob
1326 2154 1427 2222 prae·
1533 2123 1534 2156 l

378 2253 546 2345 scriptum
588 2252 623 2320 in
664 2275 704 2322 co
742 2251 914 2321 silentium
955 2252 991 2320 in
1030 2250 1169 2345 Synodo
1207 2249 1427 2324 Lateranensi

379 2373 634 2463 condemnem.
663 2375 863 2462 conamina2
883 2397 983 2469 quae,
1003 2373 1154 2444 Honorio
1174 2397 1245 2443 non
1264 2387 1424 2466 excepto,

380 2497 656 2590 praedecessores
673 2520 751 2566 suos
763 2465 922 2566 adversus
935 2496 1100 2567 haeresim
1113 2495 1307 2568 adhibuisse
1319 2510 1427 2566 testa·

379 2633 465 2710 tur,⁸
487 2621 629 2688 summis
661 2617 820 2688 laudibus
852 2617 1017 2702 extollit..
1040 2619 1079 2688 In
1117 2617 1238 2689 eadem
1264 2619 1424 2714 Synodo7
1532 2685 1533 2690 ,

378 2741 592 2835 Stephanus,
633 2741 792 2810 Dorensis
831 2740 1037 2836 Episcopus,
1074 2743 1133 2834 qui
1156 2741 1337 2831 adjurante
1363 2742 1428 2812 So·

377 2864 524 2959 phronio
541 2863 585 2934 de
609 2863 855 2934 haereticorum
890 2863 1066 2935 fraudibus
1114 2867 1292 2935 certiorem
1309 2864 1428 2934 reddi-

378 2985 474 3057 derat
492 2987 698 3077 Honoriunu
727 2986 861 3082 Typum
890 2986 1100 3081 reprobans,
1118 2987 1153 3057 S.
1169 2985 1302 3056 Martini
1323 3011 1425 3082 prae-

377 3133 545 3199 cessoresq
590 3109 742 3180 Honorio
781 3107 935 3180 similiter
978 3133 1049 3180 non
1091 3121 1257 3203 excepto,
1300 3133 1319 3178 a
1354 3110 1426 3182 Deo

377 3236 538 3305 excitatos
551 3234 632 3303 dicit
648 3235 707 3303 »in
725 3235 992 3305 commonitione
1009 3256 1145 3304 necnon
1156 3233 1425 3304 contestatione’'

377 3356 638 3427 haereticorum.

426 3480 492 3549 Per
517 3491 625 3549 totum
653 3477 761 3567 illud,
789 3477 884 3573 quod
909 3503 928 3547 a
953 3479 1049 3573 Typo
1075 3476 1237 3564 damnato
1261 3480 1425 3572 usquead

379 3600 590 3674 celebratum
634 3583 765 3671 sextum
810 3600 976 3671 Generale
1019 3598 1206 3670 Concilium
1251 3599 1421 3686 decurrit,

378 3724 543 3818 temporis
568 3725 715 3818 spatium
751 3723 892 3794 Honorii
932 3724 1115 3794 auctoritas
1130 3724 1165 3791 in
1182 3723 1269 3817 Typi
1283 3723 1422 3814 gratiam

379 3873 399 3917 a
436 3845 664 3917 Monothelitis
701 3870 771 3918 non
809 3847 1007 3934 invocatur7
1048 3868 1163 3939 neque
1195 3868 1214 3913 a
1252 3842 1359 3914 Paulo
1391 3855 1424 3912 et

380 3970 532 4065 Pyrrho‚
568 3970 628 4063 qui
660 3993 736 4039 eam
770 3992 833 4061 pro
866 3967 997 4038 Ecthesi
1024 3969 1283 4056 invocaverant,
1311 3989 1423 4061 neque

378 4118 398 4163 a
423 4092 545 4187 Pyrrhi
570 4115 761 4163 successore
785 4090 906 4180 Petro,
925 4113 1039 4185 nequa
1055 4090 1099 4158 ab
1120 4089 1189 4159 ullo
1206 4111 1423 4184 quocumque
1530 4133 1531 4138 .

379 4215 563 4286 haeretico.
607 4214 644 4284 S.
678 4213 866 4286 Maximum
904 4225 938 4282 et
973 4211 1145 4288 blanditiis
1199 4209 1339 4308 quidem
1391 4221 1424 4280 et
1530 4225 1531 4258 ³
