3140 5004
686 515 731 586 rs

174 688 322 768 reserari3
347 711 476 773 quarum
499 689 656 755 literarum
679 692 717 754 ad
740 692 870 756 eundem
883 691 1088 777 Sophronium
1101 693 1226 756 directa

173 811 245 854 rum
280 790 480 876 suscipientes
514 790 683 876 exemplar,
722 798 752 856 et
786 791 963 870 intuentes,
992 793 1067 858 satis
1094 793 1225 878 provide

174 890 453 976 circumspecteque
478 891 702 957 fraternitatem
726 899 858 957 vestram
881 893 1053 979 scripsisse,
1066 894 1226 958 laudamus

171 992 346 1057 novitatem
377 992 519 1057 vocabuli
553 993 759 1072 auferentem,
795 996 878 1078 quod
910 1001 1013 1080 posset
1046 994 1225 1060 scandalum

173 1093 369 1178 simplicibus
391 1115 544 1179 generare.
568 1096 636 1158 Nos
658 1095 795 1160 enimin
818 1118 879 1178 quo
890 1096 1092 1182 percepimus,
1106 1104 1226 1182 oportet
1289 1112 1294 1120 ’

172 1193 341 1260 ambulare.

220 1295 385 1361 Enimvero
420 1298 497 1362 duce
532 1298 598 1362 Deo
631 1298 841 1383 perveniemus
875 1321 972 1382 usque
994 1300 1033 1363 ad
1053 1321 1223 1364 mensuram

171 1404 274 1462 rectae
296 1398 385 1477 fidei,
410 1422 502 1483 quam
513 1398 656 1484 Apostoli
667 1398 804 1464 veritatis
816 1400 1040 1485 scripturarum
1051 1407 1224 1466 sanctarum

172 1499 317 1564 funiculo
339 1502 561 1579 extenderunt,
576 1502 757 1565 coufitentes
767 1501 936 1566 Dominum
948 1504 1055 1567 Jesum
1066 1502 1223 1566 Christum

175 1600 382 1667 Mediatorem
412 1602 471 1666 Dei
504 1609 536 1667 et
569 1601 748 1680 hominum,
781 1609 939 1688 operatum
970 1604 1092 1681 divina,
1123 1603 1223 1668 media

173 1701 369 1768 humanitate
394 1702 495 1768 Verbo
517 1704 583 1768 Deo
607 1702 788 1768 naturaliter
809 1705 914 1782 unita,
940 1706 1129 1788 eundemque
1156 1726 1224 1789 ope·

172 1809 278 1866 ratum
311 1804 464 1881 humana,
495 1804 693 1870 ineffabiliter
726 1811 819 1888 atque
851 1805 1047 1892 singulariter
1069 1811 1224 1890 assumpta

152 1926 266 1975 ¹carne
308 1904 453 1983 discrete,
499 1905 660 1970 inconfuse
701 1912 793 1989 atque
825 1907 1101 1972 inconvertibiliter
1132 1907 1223 1992 plena

173 2005 340 2071 divinitate
347 2033 357 2084 ;
395 2013 426 2070 et
448 2006 503 2090 qui
525 2007 695 2071 coruscavit
717 2007 751 2071 in
776 2029 864 2072 carne
886 2007 978 2093 plena
999 2008 1113 2072 divinis
1135 2008 1223 2072 mira·

172 2106 271 2184 culis,
295 2106 361 2192 ipse
383 2113 447 2184 est,
471 2114 503 2172 et
525 2130 651 2173 carneus
675 2109 816 2186 effectus,
840 2109 929 2194 plene
952 2109 1036 2174 Deus
1058 2117 1089 2174 et
1111 2109 1220 2186 hom03
1317 2158 1320 2162 -

171 2207 331 2292 passiones
365 2215 396 2273 et
429 2208 592 2294 opprobria
621 2209 739 2295 patitur
760 2232 842 2274 unus
863 2210 1016 2274 Mediator
1036 2209 1094 2274 Dei
1116 2216 1147 2274 et
1168 2209 1222 2274 ho·

172 2309 295 2374 minum
317 2310 351 2374 in
377 2310 516 2394 utrisque
538 2311 656 2375 natmis
668 2337 677 2389 3
704 2310 840 2376 Verbum
864 2333 932 2375 caro
953 2311 1069 2376 factum
1087 2318 1119 2376 et
1137 2310 1222 2375 habi·
1250 2353 1252 2358 -

169 2411 253 2474 tavit
278 2411 313 2475 in
334 2410 441 2489 nobis,
465 2411 531 2498 ipse
553 2412 652 2476 Filius
675 2412 810 2491 hominis
833 2413 870 2478 de
902 2413 984 2477 coelo
1013 2414 1219 2490 descendens,

170 2535 256 2576 unus
282 2519 374 2597 atque
397 2513 496 2592 idem,
520 2513 600 2577 sicut
622 2512 770 2598 scriptum
793 2521 855 2591 est,
885 2514 1046 2578 crucifixus
1069 2513 1220 2578 Dominus

170 2614 358 2698 majestatis,
395 2615 469 2678 dum
503 2620 619 2678 constet
649 2613 844 2678 divinitatem
866 2615 968 2680 nullas
992 2639 1080 2700 posse
1102 2614 1220 2701 perpeti

171 2714 325 2780 humanas
363 2715 535 2801 passiones,
571 2721 602 2778 et
635 2737 698 2779 non
726 2716 763 2779 dc
787 2716 887 2793 coelo,
912 2719 964 2781 sed
990 2718 1027 2782 de
1049 2724 1154 2782 sancta
1175 2724 1222 2781 est

172 2823 330 2901 assumpta
353 2839 421 2881 caro
443 2816 503 2881 Dei
525 2815 673 2901 genitrice
695 2817 776 2899 (nam
800 2839 853 2901 per
876 2817 1040 2882 severitas
1063 2818 1097 2881 in
1123 2818 1221 2882 llvan·

171 2915 256 3001 geh'o
288 2916 333 2981 ita
365 2917 489 3000 inquit:
525 2917 637 2980 Nullus
671 2918 801 2981 ascendit
823 2919 856 2980 tu
879 2921 1008 2996 coctum,
1031 2920 1091 2982 etsi
1112 2920 1164 3004 qui
1185 2920 1220 2982 de

171 3019 251 3080 coelo
273 3019 435 3095 descendit,
451 3019 540 3103 filius
561 3018 701 3094 dominis,
725 3019 776 3103 qui
797 3027 839 3082 cst
858 3020 890 3082 iu
902 3022 1004 3104 coelo);
1016 3019 1151 3104 profecto
1163 3042 1219 3084 nos

171 3117 346 3197 instruens,
378 3120 460 3202 quod
483 3117 641 3182 divinitati
662 3117 752 3181 unita
777 3126 823 3182 est
848 3142 915 3183 caro
938 3119 1092 3204 passibilis
1116 3119 1219 3184 ineffa-

172 3217 279 3283 biliter
311 3226 403 3303 atque
438 3219 650 3304 singulariter,
685 3225 722 3282 ut
753 3219 881 3284 discrete
913 3227 1004 3304 atque
1037 3220 1196 3284 inconfuse
1208 3267 1217 3297 ‚

170 3320 219 3384 sic
240 3319 371 3386 indivise
394 3321 548 3385 videretur
559 3320 722 3405 conjungi:
745 3326 782 3383 ut
793 3319 941 3385 nimirum
953 3323 1104 3408 stupenda
1115 3328 1217 3385 moute

169 3420 354 3486 mirabiliter
384 3421 578 3486 manentibus
600 3427 798 3504 utrarumque
823 3429 1001 3487 naturarum
1037 3422 1218 3488 differentiis

171 3511 375 3607 cognoscatur
396 3523 490 3588 uniri.
823 3511 824 3514 Ἴ
891 3517 892 3522 ’

218 3623 277 3687 Oui
299 3622 468 3710 Apostolus
491 3623 670 3699 concinens,
690 3623 728 3686 ad
751 3623 927 3689 Corinthios
950 3625 1010 3689 ait:
1036 3626 1216 3708 Sapientiam

171 3726 319 3809 loquimur
341 3727 419 3790 iuter
438 3729 599 3807 perfectos,
621 3725 797 3808 cupientium
819 3749 886 3790 cero
909 3750 967 3790 nou
990 3729 1076 3812 liujus
1097 3726 1216 3803 socordi,

170 3847 264 3908 neque
277 3827 449 3909 preruptam
472 3829 558 3911 liujus
579 3826 699 3902 cuculi,
723 3827 775 3910 qui
786 3829 997 3905 destruuntur,
1009 3831 1061 3892 sed
1071 3828 1216 3913 loquimur

170 3927 234 3990 Dei
256 3928 430 4008 cupientium
453 3929 485 3991 iu
507 3928 642 4012 mysterio
655 3928 869 4006 absconditam,
883 3952 969 4014 quam
979 3928 1216 4011 praedestinavit
1310 3959 1313 3964 ·

168 4029 255 4092 Deus
287 4037 356 4093 oute
388 4031 505 4092 soeculo
537 4029 571 4092 iu
601 4029 726 4109 pluriam
748 4037 897 4107 uestrum,
921 4054 1007 4115 quum
1029 4053 1111 4094 ccmo
1134 4029 1217 4110 priu-

169 4129 269 4210 cgoum
292 4132 379 4214 hujus
397 4132 508 4195 sacculi
527 4131 668 4212 coguovit.
690 4130 723 4192 Si
741 4130 818 4193 cuim
833 4133 1045 4214 cognovissent,
1059 4154 1216 4217 numquam

166 4230 332 4295 Dorticum
362 4233 524 4310 moy'estotis
554 4232 782 4316 crucuflcisseut3
807 4233 881 4296 dum
907 4234 1043 4317 profecto
1068 4233 1216 4298 divinitas
