3140 5004
876 498 925 568 El

376 675 477 746 fuisse
502 699 520 744 a
547 677 694 745 Nicaena
720 673 880 771 Synodo‚
909 697 1026 744 vocem
1050 693 1179 748 θεοτόκος
1197 686 1316 744 contra
1334 671 1422 741 Nes-

376 801 524 870 torianos
549 823 568 868 a
594 798 732 895 Synodo
765 797 964 894 Ephesina?
1013 797 1066 868 Au
1103 798 1226 870 talibus
1251 803 1423 896 tantisque

376 923 542 1018 exemplis
582 924 766 993 instructus
805 925 878 1016 ipse
910 922 1072 993 Summus
1111 925 1213 993 totius
1254 922 1423 996 Ecclesiae

375 1045 531 1118 Pontifex
548 1027 721 1116 declarare
734 1048 857 1139 potuit7
875 1045 1042 1140 ejusmodi
1060 1048 1292 1142 quaestionem
1305 1048 1421 1118 nulla-

377 1182 475 1241 tenus
504 1166 639 1239 afficere
670 1167 805 1258 tidem,
834 1193 872 1238 ea
910 1173 1093 1264 praecipue
1127 1183 1240 1241 motus
1265 1173 1418 1262 ratione,

375 1290 468 1388 quod
505 1291 591 1362 haec
616 1294 767 1387 quaestio
793 1317 811 1361 a
838 1291 933 1363 nullo
960 1291 1126 1364 Ecclesiae
1156 1292 1305 1365 Concilio
1331 1309 1420 1365 esset
1444 1357 1446 1362 .
1562 1355 1563 1382 q

375 1415 546 1487 delinita?
597 1414 751 1486 Profecto
777 1415 845 1485 tale
875 1415 978 1511 quid,
1007 1418 1071 1486 nisi
1095 1419 1281 1488 certissime
1306 1431 1338 1488 et
1373 1418 1419 1489 ab

375 1541 470 1610 omni
483 1551 579 1635 parte
596 1552 778 1628 constaret,
798 1563 990 1635 numquam
1005 1540 1257 1611 admittendum
1270 1541 1415 1612 ridetur.

424 1661 491 1732 Sed
528 1637 692 1751 secundo,
733 1664 839 1754 magis
864 1664 964 1731 etiam
999 1662 1232 1756 improbabilis
1265 1663 1420 1735 redditur

374 1786 461 1858 haec
491 1790 564 1880 eJus
585 1785 708 1877 agendi
733 1787 816 1856 ratio
842 1798 983 1881 propter
1007 1809 1169 1880 personas
1193 1798 1263 1855 tam
1297 1789 1419 1858 acriter

373 1899 462 1980 inter
495 1932 530 1978 se
555 1907 599 1978 de
624 1908 746 1980 Christi
771 1910 1023 2003 operationibus
1049 1909 1273 1980 decertantes.
1325 1911 1419 1982 lnter

372 2033 460 2104 viros
497 2034 590 2102 enim
620 2034 783 2127 quaestio
796 2032 985 2124 agitabatur
1010 2056 1081 2103 non
1106 2031 1327 2122 communem
1356 2035 1417 2104 sed

371 2154 589 2226 Patriarchali
614 2155 648 2225 in
675 2154 821 2226 Ecclesia
844 2154 1006 2246 dignitate
1031 2155 1201 2249 praeditos
1228 2169 1263 2227 et
1287 2159 1417 2227 nemini

371 2277 434 2348 nisi
460 2275 522 2348 soli
546 2279 701 2348 Romano
726 2277 884 2348 ¹Pontifici
909 2276 1095 2349 inferiores,

386 2423 388 2426 ·
420 2397 560 2471 Accedit
586 2403 697 2490 tertio⁷
725 2399 818 2495 quod
839 2399 1029 2490 Honorius7
1058 2400 1142 2471 duas
1160 2403 1251 2496 ipse.)
1268 2413 1306 2473 ut
1323 2402 1412 2492 dixi,

370 2545 558 2615 agnoscens
595 2522 717 2594 Christi
754 2525 987 2618 operationes,
1028 2524 1255 2619 prohibuisset
1297 2538 1413 2596 tamen

370 2645 553 2739 quominus
578 2648 652 2740 quis
677 2670 733 2716 eas
759 2646 976 2740 profiteretur
1000 2659 1058 2718 aut
1084 2647 1221 2742 publice
1238 2648 1413 2743 praedica*

370 2779 442 2856 ret,
481 2766 584 2862 idque
623 2792 692 2838 non
731 2767 842 2838 solnm
879 2770 915 2838 in
953 2770 1057 2862 priori
1086 2767 1249 2863 epistola,
1277 2771 1414 2864 quaed

238 2952 246 2960 a
369 2892 572 2987 quaestionis
609 2903 745 2962 exortae
770 2915 833 2986 per
857 2891 968 2962 solum
995 2891 1146 2983 Sergium
1174 2891 1298 2964 factam
1324 2893 1414 2964 rela-

367 3009 495 3085 tionem
534 3013 783 3110 respondebatq
824 3013 884 3084 se'd
921 3017 1022 3084 etiam
1047 3015 1083 3085 in
1109 3018 1304 3109 posteriori,
1333 3009 1413 3089 cum

366 3136 410 3207 de
447 3161 550 3232 pravo
588 3137 838 3208 haereticorum
872 3161 985 3208 errore
1024 3151 1058 3208 et
1092 3137 1166 3209 line
1194 3140 1317 3210 certior
1336 3145 1413 3235 jam

364 3257 473 3329 factus
505 3268 593 3330 esset
617 3283 680 3354 per
704 3259 832 3352 legatos
858 3259 1060 3354 sophronii,
1088 3262 1146 3354 qui
1172 3263 1302 3356 primus
1328 3261 1413 3354 hae-

365 3383 430 3452 resi
462 3388 507 3452 ‘se
548 3395 637 3453 totus
674 3395 892 3478 opposuerat.
962 3383 1036 3454 Hoc
1079 3395 1192 3454 autem
1237 3385 1412 3479 quomodo

365 3501 564 3575 incredibile
589 3529 660 3575 non
685 3507 747 3595 sit7
775 3504 883 3576 fateor
906 3529 963 3576 me
988 3529 1058 3577 non
1084 3485 1286 3599 intelligeret

416 3627 547 3698 Deinde
572 3641 714 3723 quarto,
731 3630 765 3699 in
780 3629 891 3724 primo
909 3627 1046 3700 alterius
1060 3628 1221 3723 epistolae
1237 3629 1413 3722 fragmen-

368 3764 402 3822 to
439 3752 611 3846 corruptio
650 3751 783 3822 videtur·
820 3745 1018 3842 manifesta,
1058 3753 1121 3822 nisi
1165 3752 1277 3823 dicere
1327 3752 1413 3823 veli-

367 3897 464 3962 mus,
505 3872 598 3966 quod
634 3874 740 3963 absit,
768 3873 958 3945 Honorimn
984 3874 1174 3945 doctrinam
1201 3874 1410 3946 Catholicam

366 3995 410 4066 de
435 3995 569 4066 duobus
596 3995 727 4067 struit
749 3999 886 4068 naturae
911 4021 1034 4092 parum
1059 4021 1206 4068 curasse.
1242 3997 1290 4068 lta
1316 4001 1409 4068 enirn

367 4118 438 4187 ait:
480 4125 493 4180 ί)
503 4119 645 4191 Necnon
684 4133 717 4191 et
742 4120 830 4216 Cyro
848 4174 949 4193 .....
977 4133 1015 4191 ut
1036 4119 1188 4215 profecto
1213 4123 1313 4192 unius
1342 4121 1406 4214 [vel

366 4272 381 4301 »
390 4242 557 4334 geminae]
581 4245 783 4338 operationis
805 4243 1009 4315 vocabulum
1027 4245 1158 4314 noviter
1175 4243 1408 4315 introductum
