3092 5000
634 465 681 535 ot

132 641 406 712 »narrationibus
439 641 483 710 ad
516 639 778 712 conscribendas
803 640 1017 736 impulerunt
1041 641 1175 729 literas,

130 799 143 823 »
152 787 243 859 quae
255 787 298 834 ex
311 769 385 859 ejus
397 763 537 860 quidem
554 766 743 836 intentione
758 777 997 859 erumpentem
1012 765 1177 836 haeresim

129 886 322 981 »impedire
334 885 815 977 debuissent‚sedseoundum
823 885 1012 978 nefandum
1021 889 1173 982 ipsorum

128 1019 272 1080 »votum
301 1009 429 1080 haeresi
462 1007 613 1080 fomenta
646 1005 866 1080 dederunt”?
890 1008 1034 1098 Nullus7
1063 1023 1174 1104 putoa

126 1129 348 1202 inficiabitur.
383 1130 425 1201 Et
458 1144 575 1202 tamen
605 1129 736 1202 nullam
770 1131 1008 1225 hujuscemodi
1037 1131 1177 1203 Honorii

125 1257 382 1326 excusationem
416 1257 452 1324 in
486 1254 639 1326 medium
673 1253 802 1348 profert
827 1253 1038 1343 concilium,
1066 1253 1110 1324 de
1135 1278 1176 1324 eo

128 1375 259 1470 Synodi
300 1378 416 1447 Patres
458 1377 690 1472 Summusqne
732 1375 888 1448 Pontifex
930 1377 966 1447 S.
1009 1376 1175 1447 Martinus

125 1519 267 1591 pmrsus
292 1498 410 1589 silent,
447 1501 602 1594 quinimo
635 1500 845 1570 contrarium
871 1501 984 1594 potius
1008 1501 1172 1570 innuunt.

16 1697 17 1716 ἢ
173 1619 310 1691 Etenim
338 1622 373 1691 S.
402 1620 587 1709 Martinus7
615 1620 711 1692 nulla
727 1620 815 1692 facta
833 1621 974 1694 Honorii
992 1645 1057 1692 nec
1075 1645 1175 1693 men-

77 1736 80 1741 ’
127 1743 222 1814 tione
247 1767 362 1839 neque
386 1747 609 1840 exceptione,
630 1746 673 1814 ita
688 1742 874 1838 alloquitur
890 1743 1030 1815 Concilii
1046 1745 1173 1815 Patres:

16 1863 20 1888 ⁶
127 1864 303 1960 »ideoque
340 1869 375 1946 in
413 1868 538 1961 scripto
567 1865 621 1937 vel
650 1868 724 1937 sine
754 1868 880 1961 scripto
906 1866 1175 1938 orthodoxorum

126 2011 273 2082 »preces
310 1991 453 2060 minime
488 1989 713 2084 despicientes
751 1987 955 2082 apostolicae
993 1991 1177 2060 memoriae

129 2113 262 2183 »nostri
303 2112 496 2183 decessores
534 2136 604 2183 non
642 2110 846 2182 destiterunt
883 2110 1063 2210 praedictis
1100 2087 1178 2180 viris

129 2233 339 2328 »[intellige:
369 2233 616 2327 Mocothclc'tc'o]
644 2233 783 2303 diversis
809 2232 1020 2327 temporibus
1037 2231 1176 2303 consul-

129 2359 284 2428 »tissime
309 2357 516 2445 scribentesq
545 2368 580 2426 et
605 2368 675 2426 tam
695 2368 869 2447 rogantesa
886 2377 1059 2450 quamque
1075 2377 1177 2446 regu·

17 2525 18 2538 t
130 2479 274 2550 »lariter
305 2481 539 2575 increpantes,
569 2501 706 2555 necnon
731 2500 794 2573 per
817 2477 1048 2572 apocrisiarios
1074 2499 1172 2565 suos,

127 2635 140 2662 »
150 2614 189 2672 ut
215 2601 349 2672 dictum
375 2614 442 2690 est,
470 2626 533 2697 pro
558 2601 625 2671 hoc
651 2601 799 2670 maxime
812 2599 996 2671 destinatos
1014 2622 1176 2694 praesen-

16 2769 17 2810 ;
126 2723 276 2806 »tialiter
300 2724 525 2796 admonentes
558 2736 592 2794 et
622 2736 867 2811 contestantes,
893 2735 1062 2818 quatenus
1095 2746 1176 2817 pro·

16 2855 18 2890 ²
127 2853 267 2945 »prium
285 2850 510 2922 emendarent
525 2852 681 2921 novitatis
694 2863 930 2922 commentum
948 2849 1175 2945 atqueortho-

125 2972 277 3045 »doxam
293 2972 399 3043 fidem
413 2972 604 3044 Catholicae
613 2971 781 3044 Ecclesiae
790 2985 993 3043 remearent:
1013 2985 1047 3042 ct
1059 2995 1175 3066 neque

16 3089 17 3100 ’
127 3109 309 3190 »rogantes
347 3118 460 3190 neqne
497 3098 715 3190 increpantes
752 3107 939 3189 potuerunt
972 3118 1029 3164 eos
1061 3119 1079 3163 a
1114 3117 1174 3164 suo

127 3251 140 3278 »
150 3220 333 3291 conamine
358 3241 497 3312 quoquo
523 3217 626 3289 modo
641 3215 877 3295 ·revocare'''}.
905 3215 945 3285 Et
959 3217 995 3286 in
1009 3214 1172 3310 epistola,

126 3344 180 3412 cni
223 3365 304 3411 cum
333 3329 378 3412 'eo
412 3339 686 3434 subscripserunt
711 3341 813 3410 ceteri
839 3338 967 3433 Synodi
992 3335 1172 3434 Episcopi,

127 3485 302 3559 quamque
327 3486 409 3532 cnm
434 3459 516 3532 actis
542 3460 682 3533 Concilii
700 3462 790 3531 misit
805 3461 848 3531 ad
867 3461 1088 3532 Constantem
1102 3459 1173 3532 lm-

128 3598 322 3679 peratorem
348 3584 438 3655 idem
465 3583 638 3673 Pontifexq
667 3582 711 3654 de
735 3583 911 3654 haereticis
936 3577 1081 3678 loquens
1107 3616 1120 3645 »
1130 3583 1174 3652 ab

127 3701 738 3800 »omnibusfere’ssinquit,»aliarum
747 3707 998 3800 provinciarum
1007 3704 1175 3774 Deoama-

129 3829 281 3902 »bilibus
296 3827 469 3926 Episcopis
481 3842 515 3902 et
528 3830 572 3900 ah
584 3828 785 3922 Apostolicis
799 3826 1036 3914 Pontificibus
1056 3828 1091 3895 in
1109 3825 1173 3896 hac

128 3956 284 4027 »seniore
323 3953 431 4024 Roma
469 3953 678 4041 constitutis,
714 3952 749 4021 in
774 3951 956 4036 dilectione
982 3947 1169 4038 admoniti,

163 4213 192 4281 1)
228 4209 300 4267 rhu.
319 4211 361 4264 or.
