3140 5004
888 489 935 566 50

385 665 429 740 de
471 669 592 741 Christi
631 669 804 742 voluntate
842 671 1015 760 tonnae,
1060 694 1164 766 quam
1206 693 1313 741 unam
1352 668 1437 738 dicit

389 791 576 880 Honorius,
617 797 694 888 quia
733 794 826 867 nulla
860 796 896 864 in
927 818 966 865 ea
991 793 1087 865 adest
1113 794 1237 864 mentis
1261 805 1296 863 et
1322 793 1436 861 carnis

385 938 524 1008 pugna3
564 939 710 1013 eamque
751 916 1011 1011 explicationem
1054 939 1134 988 cum
1180 929 1249 987 toto
1293 914 1437 985 Honorii

384 1051 547 1108 contextu
560 1038 664 1133 plane
677 1042 870 1111 convenire.
886 1039 1011 1120 Tertio,
1027 1037 1265 1109 Monothelitas
1280 1035 1435 1106 multum

383 1157 573 1251 laborasse,
594 1174 631 1233 ut
643 1162 811 1233 haeretica
824 1164 976 1256 ipsorum
990 1161 1139 1231 Ecthesis
1152 1183 1214 1254 per
1228 1159 1434 1229 Severinum

385 1281 513 1376 Papam
559 1284 841 1373 confirmaretur3
888 1283 952 1354 hac
999 1307 1078 1354 vero
1125 1305 1187 1378 spe
1227 1280 1436 1366 frustratos7

385 1403 525 1476 Honorii
565 1409 822 1495 auctoritatem,
863 1431 968 1501 quam
1007 1405 1172 1501 quamdiu
1210 1403 1268 1474 ille
1306 1405 1438 1473 viveret

385 1527 542 1598 invocare
567 1552 637 1598 non
664 1541 743 1599 sunt
768 1530 859 1618 ausi⁷
888 1540 964 1622 post
990 1541 1135 1598 mortem
1162 1530 1236 1620 ejus
1257 1528 1292 1595 in
1311 1523 1438 1595 defen-

385 1651 516 1719 sionem
555 1650 757 1744 reprobatae
793 1675 811 1719 a
850 1651 886 1720 S.
914 1648 1002 1720 Sede
1027 1649 1208 1724 Ectheseos
1233 1650 1438 1734 invocasse,

385 1770 491 1866 idque
532 1796 602 1844 nou
641 1772 747 1844 semel
790 1787 943 1862 tanturn,
989 1772 1047 1843 sed
1090 1796 1153 1867 per
1179 1784 1298 1842 totam
1337 1768 1437 1838 illam

386 1886 589 1987 periodum,
609 1918 675 1989 qua
692 1894 840 1966 Ecthesis
858 1893 995 1989 publice
1020 1896 1172 1990 exposita
1199 1892 1276 1964 fuit.
1306 1892 1441 1979 Quarto

387 2016 549 2112 denique,
578 2040 716 2088 omnem
731 2020 985 2114 quaestionem,
1005 2042 1093 2113 quae
1110 2030 1179 2089 toto
1197 2016 1264 2089 hoc
1279 2030 1443 2110 tempore

388 2138 432 2209 de
470 2139 611 2211 Honorii
648 2143 814 2211 sententia
851 2139 1041 2212 Catholicos
1074 2143 1165 2210 inter
1190 2153 1225 2210 et
1249 2140 1444 2211 haereticos

388 2261 609 2351 movebatur,
629 2264 729 2333 unice
744 2262 789 2332 ad
805 2263 907 2333 verba
924 2261 1097 2333 Pontificis
1114 2263 1159 2333 de
1175 2261 1300 2332 Christi
1314 2261 1443 2331 colun-

389 2395 479 2472 tote,
517 2386 658 2455 minime
682 2408 762 2455 vero
788 2385 831 2456 ad
856 2385 1031 2457 silentium
1055 2398 1232 2480 spectare,
1261 2385 1357 2480 quod
1382 2383 1445 2454 ille

388 2507 476 2574 circa
494 2504 666 2599 duplicem
685 2506 807 2578 Christi
825 2510 1056 2602 operationem
1076 2510 1293 2602 imposuisset
1311 2507 1443 2579 Catho-
1550 2565 1551 2598 p

387 2624 471 2695 licis.
524 2626 624 2713 Quod
649 2652 689 2699 eo
715 2631 821 2721 magis
847 2633 1010 2701 memoria
1038 2630 1258 2701 retinendum
1276 2644 1341 2720 est7
1360 2634 1442 2727 quia

387 2769 480 2816 nunc
497 2761 695 2838 argumenta
712 2750 936 2844 proponenda
956 2752 1120 2841 veniunt,
1143 2753 1272 2847 quibus
1287 2752 1443 2840 demone
1549 2797 1550 2800 =

386 2868 547 2938 strabitur
564 2893 623 2958 ea,
650 2895 736 2965 quae
754 2872 797 2941 de
815 2872 873 2943 illo
890 2874 1025 2945 cilentio
1038 2873 1228 2945 hodiedum
1242 2875 1279 2945 in
1295 2875 1443 2947 Honorii

387 2988 536 3082 epistolis
577 2991 758 3083 leguntur,
786 3009 946 3089 corrupta
970 2995 1073 3068 fuisse
1098 3021 1158 3068 seu
1185 2999 1301 3091 potios
1328 2997 1443 3068 aliena

330 3127 333 3134 ·
391 3133 492 3182 manu
520 3115 657 3184 inserta.
