3140 5004
646 460 691 530 Ἢ

138 640 175 704 in
220 659 283 700 una
332 657 461 720 persona
495 635 655 720 Unigeniti
690 620 748 700 Dei
782 635 898 712 Patris,
935 635 1111 715 inconfuse,
1146 637 1191 702 in-

138 739 236 804 divise
270 745 362 822 atque
392 737 666 804 inconvertibiliter
688 736 847 802 nobiscum
871 737 1042 822 praedicare
1068 740 1190 825 propria

138 846 312 926 operantes.
1144 827 1146 834 ’

182 941 224 1006 Et
262 925 320 1005 hoc
357 939 481 1025 quidem
516 939 707 1005 beatissimae
728 940 912 1004 fraternitati
936 947 1052 1006 vestrae
1076 941 1191 1007 insinu-

139 1044 258 1108 andum
290 1041 511 1128 praevidimus,
544 1048 696 1125 quatenus
723 1041 815 1106 unius
838 1041 1035 1108 confessionis
1057 1046 1191 1130 proposi-

139 1153 210 1210 tum
235 1143 432 1210 unanimitati
455 1149 571 1208 vestrae
590 1142 760 1208 sanctitatis
773 1150 993 1222 monstremus,
1006 1152 1043 1209 ut
1054 1147 1190 1231 profecto

135 1249 173 1312 in
204 1266 268 1312 uno
301 1245 414 1331 spiritu
443 1244 637 1322 anhelantes,
670 1245 735 1330 pari
766 1245 837 1310 fidei
867 1246 1051 1312 documento
1074 1248 1190 1334 conspi-

140 1370 254 1416 remus.

184 1448 356 1538 Scribentes
386 1448 477 1513 etiam
502 1448 715 1515 communibus
727 1447 872 1514 fratribus
884 1449 963 1534 Cyro
976 1456 1006 1514 et
1018 1449 1188 1536 Sophronia
1250 1508 1253 1514 ,

139 1549 348 1640 antistitibus,
385 1572 424 1614 ne
457 1568 553 1614 novae
587 1549 685 1628 vocis,
721 1548 754 1613 id
779 1557 842 1628 est,
866 1550 959 1614 unius
981 1549 1028 1614 vel
1051 1553 1188 1637 geminae

141 1651 327 1738 operationis
349 1650 496 1715 vocabulo
519 1650 658 1716 insistere
683 1651 731 1716 vel
756 1651 911 1715 immorari
933 1652 1111 1730 videantur;
1136 1654 1189 1718 sed

137 1753 245 1820 abrasa
267 1751 445 1838 hujusmodi
469 1775 563 1817 nevae
586 1753 668 1816 vocis
684 1752 904 1838 appellatione,
917 1774 1017 1818 unum
1029 1754 1186 1820 Christum

135 1854 308 1936 Dominum
330 1853 491 1920 nobiscum
510 1855 546 1918 in
570 1853 706 1938 utrisque
729 1854 849 1918 naturis
861 1854 964 1918 divina
984 1855 1031 1920 vel
1050 1855 1186 1924 humana

137 1957 314 2042 praedicent
337 1961 521 2042 operantem.
548 1957 742 2039 Quamquam
765 1954 838 2033 hos,
864 1977 940 2040 quos
963 1957 1001 2019 ad
1026 1980 1082 2021 nos
1104 1979 1187 2042 prae·

136 2059 239 2121 dictus
262 2057 355 2120 frater
389 2062 420 2120 et
452 2056 656 2142 Coepiscopus
679 2062 784 2121 noster
806 2055 995 2142 Sophronias
1018 2058 1118 2135 misit,
1142 2059 1187 2122 in-

137 2158 324 2236 struximus,
355 2179 394 2221 116
424 2158 554 2220 duarum
582 2156 794 2242 operationum
829 2156 1009 2222 vocabulum
1044 2158 1186 2243 deinceps

136 2259 312 2346 praedicare
333 2258 502 2336 innitatur,
527 2258 610 2341 quod
632 2258 853 2332 instantissime
875 2258 1081 2344 promiserunt
1103 2282 1186 2344 prae·

137 2362 258 2428 dictum
270 2361 369 2425 virum
393 2383 457 2426 esse
479 2359 632 2424 facturum
639 2408 649 2438 ,
674 2360 700 2424 ei
722 2360 814 2426 etiam
837 2360 934 2445 Cyrus
957 2360 1050 2426 frater
1069 2361 1185 2428 etOoe·

134 2463 288 2550 piscopos.
302 2469 405 2528 noster
429 2461 466 2526 ab
486 2460 578 2528 unius
602 2461 786 2550 operationis
807 2461 955 2526 vocabulo
967 2463 1137 2528 discesserit
1151 2462 1182 2546 ¹).

184 2648 261 2720 Jam
299 2651 343 2720 de
377 2651 472 2738 istis,
511 2672 598 2744 quae
632 2648 819 2737 dicuntur,
857 2649 1007 2719 Honorii‘
1034 2648 1183 2744 epistolis

134 2775 250 2844 statim
289 2769 421 2842 edicere
443 2769 542 2860 volo,
575 2770 659 2865 quid
683 2771 719 2842 in
745 2784 910 2866 utraque,
939 2794 1016 2842 meo
1037 2771 1180 2866 judicie,

133 2897 180 2966 ab
208 2895 380 2966 haereticis
406 2898 474 2966 sive
499 2907 721 2989 corruptum,
750 2897 818 2965 sive
835 2893 999 2966 malitiose
1015 2897 1181 2966 insertum

130 3017 256 3108 fuerit3
284 3016 376 3115 qarod
401 3029 439 3089 ut
469 3017 590 3088 melius
625 3016 852 3109 intelligatur,
891 3021 1064 3114 sequentia
1101 3031 1181 3090 sunt

134 3141 382 3238 praenotanda.
429 3140 431 3144 ’

184 3258 351 3336 Haeretici
388 3261 629 3336 Monothelitae
668 3261 944 3353 contendebant,
984 3266 1019 3333 in
1042 3263 1179 3334 ‘Christo

134 3389 283 3459 Domino
337 3385 370 3458 1.
398 3411 505 3458 auem
530 3400 685 3478 terrram,
713 3411 818 3483 quam
847 3383 1040 3457 Deivirilem
1077 3385 1179 3460 voca-

133 3511 240 3598 bant,
261 3513 489 3606 operationem
510 3523 540 3581 et
569 3490 722 3612 similiter
750 3509 787 3580 h.
815 3535 922 3581 auam
946 3511 1178 3581 tautummodo

132 3615 363 3722 volantatem,
391 3633 518 3704 scilicet
542 3632 713 3722 divisim,
731 3632 863 3702 admitti
882 3625 993 3727 posse.
1010 3629 1100 3700 Nihil
1115 3656 1177 3700 au-

132 3773 204 3830 tem
230 3781 270 3858 sev
292 3755 458 3851 proficere
482 3754 709 3847 intelligentes
734 3769 767 3825 et
785 3777 921 3850 pravam
936 3777 1037 3858 ¹suam
1050 3733 1178 3823 doctri-

132 3891 216 3952 n'am
253 3863 463 3949 validissimis
499 3877 685 3948 rationibus
709 3901 727 3946 a
749 3875 928 3948 Catholicis
955 3878 1174 3980 impugnari,

130 4001 272 4100 insuper
297 4000 479 4074 voluerunt
514 4000 550 4071 8.
579 4013 617 4071 ut
642 3999 738 4072 hisce
750 4003 985 4104 imponeretur
1003 3998 1175 4070 silentium

172 4243 211 4312 11
237 4239 332 4296 natea
351 4239 408 4306 vr,
428 4243 494 4308 ara,
513 4243 573 4296 aaa.
