3140 5004
875 458 924 528 22

374 655 439 708 nec
464 635 623 730 cuiquam
649 634 717 702 sive
741 631 785 702 de
809 633 910 704 unica
926 634 995 703 sive
1011 631 1055 703 de
1069 630 1198 727 duplici
1211 631 1332 704 Christi
1352 630 1425 700 ln-

376 759 461 829 mini
477 755 651 829 voluntate
667 769 703 827 et
715 759 912 852 operatione
925 780 1118 828 sermonem
1136 779 1274 828 morere
1286 755 1419 843 liceret,

374 893 549 978 sperantes
574 879 646 951 iore
671 893 710 951 ut
734 881 798 976 ipsi
822 881 982 971 interim⁷
1010 905 1080 951 non
1106 880 1262 950 obstante
1287 876 1423 950 silentio
1455 970 1457 978 y

374 1005 555 1100 imposito,
578 1027 730 1074 errorem
747 1028 870 1094 suum,
889 1002 1009 1075 saltem
1026 1001 1181 1093 occulte,
1200 1023 1423 1098 propugnare

373 1140 408 1199 et
432 1150 621 1223 propagare
646 1139 797 1223 possent.

421 1250 500 1322 Jam
535 1275 614 1322 vero
647 1251 683 1320 in
716 1252 784 1322 suis
819 1247 922 1321 literis
947 1249 1117 1321 Honorius
1142 1252 1254 1346 primo
1279 1247 1425 1345 quidem

374 1374 566 1445 doctrinam
591 1374 636 1445 de
660 1397 719 1448 uni
745 1386 881 1444 tontum
909 1373 1040 1445 chron
1056 1375 1254 1468 operatione
1268 1371 1425 1468 profecto
1553 1351 1554 1368 ³

373 1521 444 1571 non
469 1496 638 1586 affirmat,
662 1496 723 1569 sed
749 1495 934 1567 clarissime
950 1497 1119 1587 ostendit,
1139 1520 1175 1568 se
1192 1520 1270 1567 uuis
1283 1496 1423 1568 Domini

372 1644 557 1714 agnoscere
569 1621 805 1716 operationes3
826 1621 979 1715 quamvis
996 1621 1089 1691 enim
1106 1621 1208 1691 etiam
1226 1619 1269 1690 de
1286 1618 1425 1690 duabus

374 1743 628 1840 operationibus
665 1741 838 1813 silentium
872 1742 993 1836 jubeat
1030 1741 1304 1830 observandum,
1332 1742 1424 1836 ipsas

374 1879 491 1939 tamen
529 1890 621 1955 non,
661 1876 700 1936 ut
739 1863 981 1936 Monothelitae
1014 1864 1125 1936 facere
1150 1875 1422 1952 consueverant,

374 2013 454 2066 cum
478 2013 629 2084 perrona
652 2000 809 2077 tantum,
829 1987 890 2058 sed
902 2000 936 2058 et
953 2012 1033 2059 cum
1051 1986 1180 2083 duplici
1203 1992 1277 2082 ejus
1291 1997 1426 2058 notura

374 2114 560 2184 connectit.

423 2234 523 2324 Quod
557 2235 749 2306 secundum
787 2248 956 2331 punctum
987 2236 1127 2324 attinet,
1155 2234 1327 2305 Honorius
1360 2253 1425 2304 ex·

374 2361 497 2457 pressis
522 2358 632 2429 verbis
649 2361 695 2429 ait
712 2389 720 2430 :
740 2383 871 2430 »nnana
886 2358 1096 2430 voluntatem
1110 2355 1265 2450 fatemur
1283 2356 1429 2428 Domini

374 2483 512 2554 »nostri
533 2483 623 2552 deon
643 2481 816 2554 Ctrtnt”.
845 2482 954 2553 Verba
979 2481 1065 2553 haec
1089 2479 1310 2576 simpliciter7
1326 2475 1425 2549 nulla

373 2603 504 2698 adjecta
533 2600 779 2698 explicatione,
807 2602 951 2699 prolata,
978 2604 1051 2674 sine
1076 2602 1181 2674 dubio
1207 2601 1425 2673 sunthaere-

341 2751 343 2755 ’
373 2728 460 2815 tioa3
475 2725 535 2797 sed
560 2748 662 2796 nemo
688 2725 842 2818 ambigit,
870 2749 909 2796 ea
933 2725 1155 2819 intelligenda
1181 2738 1285 2820 atque
1310 2721 1424 2818 expli-

374 2847 482 2920 canda
508 2870 593 2937 esse,
621 2859 723 2942 prout
748 2848 897 2942 postulat
922 2859 1122 2937 contextus3
1150 2846 1206 2917 hic
1230 2858 1349 2916 autem
1377 2885 1420 2933 ··.

372 2969 465 3066 quud
490 2971 526 3041 in
553 2971 709 3065 sequenti
734 2971 843 3064 capite
864 2968 1084 3041 ostendemus
1112 3011 1154 3022 -·
1178 2969 1301 3064 jubetq
1321 2981 1362 3038 ut
1379 2967 1423 3038 de

371 3092 447 3166 coln
472 3093 625 3163 hnmano
650 3091 770 3161 Christi
796 3091 990 3181 voluntate,
1017 3093 1053 3161 id
1078 3105 1149 3182 est,
1172 3093 1208 3161 in
1227 3112 1424 3162 sensuvere

371 3213 544 3286 Catholieo
574 3215 806 3309 accipiantur,
834 3238 942 3309 quum
968 3214 1157 3286 humanam
1182 3213 1421 3300 voluntatemq

371 3336 416 3407 ab
441 3336 617 3407 haereticis
642 3347 822 3428 negatam,
850 3337 974 3408 diserte
999 3336 1186 3409 affirment.
1220 3337 1284 3408 Eas
1304 3349 1425 3407 autem

369 3453 534 3554 epistolae
559 3470 692 3553 partes,
722 3459 757 3527 in
783 3458 908 3553 quibus
933 3458 977 3529 de
1004 3459 1125 3530 Christi
1151 3460 1328 3532 voluntate
1349 3463 1425 3554 agi-

370 3594 448 3670 tur,
483 3592 522 3651 ut
556 3583 721 3672 genuinas
746 3592 780 3650 et
805 3580 1001 3652 nullatenus
1025 3595 1203 3677 corruptas
1223 3583 1427 3677 judicamus

369 3725 443 3773 esse
469 3701 712 3773 admittendas.

418 3823 529 3895 Tertio
555 3824 696 3894 tandem
721 3824 757 3892 in
784 3835 928 3918 utraque
952 3824 1092 3919 epistola
1119 3837 1189 3895 tam
1215 3827 1260 3897 de
1285 3827 1428 3900 duabus

368 3942 489 4014 Christi
515 3944 653 4015 Domini
675 3944 928 4039 operationibus
944 3970 1048 4040 quam
1066 3946 1110 4018 de
1126 3949 1227 4018 unica
1244 3947 1424 4022 silentium

367 4087 470 4157 saepe
503 4069 636 4161 saepius
674 4065 855 4155 indicitur7
891 4068 976 4136 sicut
1004 4081 1038 4138 et
1063 4067 1309 4142 Monothelitae
1335 4071 1425 4144 illud

368 4183 519 4268 indicere
544 4187 713 4269 solebant.
745 4185 837 4264 Haec
861 4199 975 4258 autem
1001 4212 1071 4271 non
1097 4192 1141 4270 ab
1167 4192 1321 4274 Honorio
1350 4218 1429 4274 esse
