3092 5000
642 486 700 564 83.

136 667 316 758 Sergium,
354 671 414 763 qui
439 670 474 738 in
500 692 560 738 sua
585 666 630 736 ad
655 667 844 737 Honorium
871 667 1010 763 epistola
1037 659 1187 762 Sophro-

135 794 237 862 nium
276 793 470 887 promisisse
508 790 678 862 silentium
717 791 882 880 finxerat,
920 794 1038 862 imitati
1066 791 1187 862 Mono-

138 913 277 984 thelitae
311 914 457 985 similem
492 915 607 983 fictam
634 915 917 1008 promissionem,
957 917 1095 985 Hunorii
1132 938 1187 984 re—

135 1060 264 1132 sponso
290 1037 334 1107 ab
359 1039 438 1132 ipsis
464 1035 629 1107 malitiose
646 1037 829 1126 insertam,
856 1037 1029 1132 Stephano
1044 1037 1188 1108 Dorensi
1291 1107 1298 1122 ,

133 1160 347 1231 tribuerunt.
434 1252 437 1258 1

164 1430 376 1476 incensurum
402 1429 566 1476 rennuit:
595 1429 758 1475 SILENTIUM
785 1428 1071 1476 nronornltmlnutt
1098 1429 1173 1477 POST

469 1553 541 1596 TYPI
566 1552 861 1598 CONDEMNATIONEM.

190 1775 306 1863 Quum
332 1775 468 1869 Typum
493 1775 583 1843 inter
596 1784 630 1843 et
646 1773 800 1863 Honorii,
817 1798 906 1869 quae
920 1775 1093 1866 dicuntur,
1115 1775 1194 1848 lite-

144 1923 201 1968 ras
228 1921 366 1990 magna,
383 1908 422 1968 ut
436 1896 583 1966 vidimus
598 1951 608 1985 ,
625 1898 786 1967 consistat
810 1897 1024 1988 similitudo,
1044 1921 1196 1993 cumque
1288 1919 1291 1924 ·

140 2023 260 2093 Patres
285 2023 549 2109 Lateranenses,
578 2045 649 2091 non
675 2033 791 2091 notato
817 2020 877 2092 sed
902 2021 1039 2093 laudato
1063 2026 1191 2117 potius,

136 2145 261 2218 saltem
297 2144 479 2240 implicite,
524 2143 696 2232 Honorio,
741 2142 944 2215 scelerosum
974 2145 1104 2241 Tppum
1136 2159 1191 2236 et,

138 2293 224 2340 cum
266 2269 386 2338 ceteris
420 2264 669 2355 Monuthelitis,
698 2265 871 2362 Pyrrhum
896 2280 929 2337 et
953 2268 1123 2358 Paulum,
1155 2270 1194 2339 in

137 2416 208 2464 eun
242 2390 395 2485 perfidio
423 2401 679 2483 permanentes,
708 2391 913 2459 nominatim
938 2402 972 2459 et
997 2389 1195 2460 solemniter

126 2499 354 2585 'anathemati
381 2513 610 2606 subjecerint,
638 2535 741 2582 neruo
755 2510 931 2606 profecto,
952 2515 1007 2584 cui
1025 2515 1195 2605 genuinae

139 2651 226 2708 sunt
260 2637 402 2707 Honorii
427 2634 564 2724 literae,
593 2636 762 2727 conjicere
788 2659 859 2704 non
885 2635 1038 2725 debebit,
1067 2639 1194 2728 gravis·

138 2761 234 2831 simis
272 2760 466 2854 quibusque
503 2755 539 2826 in
570 2757 605 2827 S.
634 2755 818 2828 Martinum
843 2759 971 2852 Papam
998 2772 1032 2828 et
1057 2759 1193 2828 Latera-

139 2904 251 2952 nensc
293 2879 481 2951 Concilium
521 2901 598 2949 usos
638 2877 739 2950 fuisse
780 2879 968 2972 praedictos
1005 2881 1191 2951 haereticos

139 3003 434 3075 criminationibus
459 3015 562 3096 atque
587 3002 851 3072 invectionibus.
898 3002 1049 3096 Pyrrhus
1073 3003 1187 3092 enim,

138 3150 233 3197 annu
258 3125 330 3195 652
356 3128 480 3195 iterum
507 3123 551 3194 ad
577 3124 698 3195 Sedent
715 3123 977 3194 patriarchalem
996 3137 1186 3219 promotus,

140 3273 234 3320 anno
262 3253 336 3343 jam
366 3247 436 3319 lere
475 3245 549 3316 6l0
574 3247 735 3316 Romanis
763 3246 1004 3341 Pontificibus,
1032 3245 1190 3318 Ecthesin

142 3370 429 3466 reprobantibus,
459 3371 660 3441 sententiam
688 3382 790 3462 atque
818 3371 1052 3440 auctoritatem
1080 3393 1191 3464 oppo-

143 3510 257 3567 suerat
282 3496 435 3565 Hunorii.
465 3493 564 3564 Anno
591 3504 763 3586 praeterea
790 3492 883 3580 ott,
911 3492 1016 3588 idque
1040 3517 1111 3564 non
1127 3492 1192 3563 ob·

143 3631 275 3706 stante,
311 3642 414 3712 quam
454 3640 517 3711 pru
551 3616 701 3685 Honorio
727 3615 876 3686 Juannes
901 3615 944 3686 lV
969 3616 1189 3709 conscripsit,

143 3739 319 3835 apologia,
360 3740 449 3810 idem
477 3741 514 3808 in
539 3761 599 3808 sua
624 3761 704 3806 cum
731 3738 767 3807 S.
794 3737 942 3808 Maximo
964 3738 1192 3832 disputatione
1268 3832 1272 3838 Ι

143 3861 188 3931 ad
229 3862 385 3956 ejusdem
417 3861 558 3931 Honorii
593 3859 694 3930 verba
722 3875 974 3953 provocaverat.
1015 3859 1189 3956 ldipsum,

144 4007 236 4053 anno
262 3987 420 4078 proxime
445 3983 622 4077 sequenti,
647 3982 682 4051 in
697 4006 757 4052 sua
775 3981 819 4051 ad
832 3982 1048 4053 Theodorum
1062 3983 1192 4077 Papam

142 4105 286 4200 epistola
320 4105 445 4176 lecerat
480 4103 608 4174 Paulus
632 4103 841 4174 Patriarcha.
885 4104 1038 4200 Uterque
1064 4124 1191 4198 nempe
1298 4114 1302 4120 “

143 4227 187 4298 ad
220 4227 377 4300 Ecthesin
407 4250 573 4322 suamque
599 4224 643 4296 de
665 4250 733 4297 una
760 4225 881 4297 Christi
907 4227 1083 4299 vuluntate
1107 4228 1190 4297 hae-
