3116 5002
882 495 929 567 bh

379 695 441 738 non
465 675 627 739 concedere
650 695 713 738 eam
738 672 869 737 ulterius
890 671 1039 736 humanas
1061 672 1178 738 animas
1191 673 1321 759 depasci.
1347 673 1426 755 Qua-

378 783 503 862 propter
525 774 695 851 sancimus,
719 773 808 838 nobis
831 772 1001 857 subjectos,
1025 773 1079 856 qui
1091 775 1266 839 consistunt
1277 774 1311 838 in
1323 774 1424 838 ortho-

380 878 460 941 doxa
493 885 524 942 et
553 875 749 940 immaculata
779 881 884 938 nostra
906 873 1152 939 Christianorum
1174 876 1250 953 fide,
1275 875 1424 959 quisunt

380 977 555 1042 Catholicae
585 984 616 1042 et
642 975 834 1061 Apostolicae
858 975 1028 1054 Ecclesiae,
1051 999 1115 1041 non
1137 971 1251 1042 habere
1269 975 1426 1042 licentiam

379 1079 510 1144 invicem
532 1102 550 1143 a
568 1073 722 1165 praesenti
744 1078 781 1142 de
803 1097 866 1140 una
887 1076 1047 1143 voluntate
1069 1091 1122 1142 aut
1146 1100 1208 1142 una
1231 1077 1426 1163 operatione,

297 1183 299 1192 ’
380 1188 434 1244 aut
456 1181 586 1244 duarum
609 1179 806 1244 voluntatum
828 1184 882 1241 aut
905 1178 1036 1242 duarum
1059 1179 1274 1265 operationum
1294 1177 1427 1261 qualem·

382 1304 511 1365 cumque
523 1281 657 1368 proferre
668 1279 914 1357 altercationem,
926 1287 981 1343 aut
993 1280 1239 1358 contentionem,
1253 1288 1307 1344 aut
1318 1279 1426 1344 rixam.

425 1383 511 1448 Haec
540 1389 644 1447 autem
676 1381 848 1458 sancimus,
882 1380 964 1444 nihil
997 1381 1117 1466 aliquid
1139 1381 1357 1446 interficientes
1379 1403 1429 1466 pe·

380 1485 466 1549 nitus
490 1485 528 1549 de
550 1483 699 1569 piissimis
722 1481 935 1567 dogmatibus,
959 1505 1037 1566 quae
1060 1481 1427 1569 asanctisprobabilibus

381 1586 525 1650 Patribus
549 1586 586 1650 de
610 1584 838 1670 dispensatione
861 1583 1013 1648 incarnati
1036 1583 1095 1648 Dei
1119 1583 1215 1649 Verbi
1225 1582 1430 1669 dogmatizata

380 1693 470 1764 sunt,
506 1687 559 1751 sed
592 1683 723 1750 ulterius
754 1685 1002 1763 contentionem,
1033 1707 1110 1768 quae
1132 1684 1231 1770 gratia
1253 1685 1427 1770 propositae

381 1786 567 1872 quaestionis
590 1793 656 1851 orta
679 1793 742 1864 est,
766 1808 880 1851 cessare
902 1785 1129 1872 praevidentes,
1153 1792 1184 1850 et
1211 1785 1427 1850 tantummodo

380 1891 418 1954 de
452 1889 495 1954 eis
529 1887 616 1972 sequi
646 1895 677 1952 et
707 1887 892 1952 sufficienter
925 1887 1037 1952 habere
1060 1886 1179 1951 divinas
1202 1887 1374 1972 Scripturas
1398 1893 1429 1950 et

378 1989 559 2054 traditiones
593 1994 767 2053 sanctorum
798 1987 933 2072 quinque
956 1988 1176 2053 universalium
1195 1987 1423 2064 conciliorum,

377 2099 408 2156 et
438 2091 628 2178 simplicibus
651 2091 717 2156 sine
740 2089 918 2174 quaestione
940 2098 1115 2155 sanctorum
1136 2089 1345 2176 probabilium
1368 2091 1427 2153 Pa·

289 2181 291 2186 '
380 2202 463 2259 trum
496 2193 603 2258 usibus
637 2192 699 2257 sive
730 2190 872 2270 vocibus,
903 2213 1033 2275 quorum
1065 2192 1225 2277 dogmata,
1248 2171 1371 2277 regulae
1396 2197 1427 2256 et

380 2296 462 2381 leges
486 2301 608 2360 sanctae
631 2293 689 2358 Dei
712 2292 888 2358 Catholicae
912 2299 943 2357 et
966 2282 1162 2379 Apostolicae
1186 2292 1340 2358 Ecclesiae
1360 2314 1431 2356 con-

378 2397 509 2474 sistunt,
544 2393 624 2459 nihil
659 2394 701 2459 eis
732 2395 879 2460 addentes
908 2394 1085 2481 proprium,
1109 2416 1209 2478 neque
1231 2393 1426 2470 minuentes,

380 2505 435 2562 aut
457 2520 510 2582 per
533 2519 619 2562 suam
642 2495 848 2560 intentionem
872 2518 921 2560 eas
943 2495 1197 2582 interpretantes,
1222 2497 1275 2561 sed
1294 2496 1427 2582 priorem

378 2598 518 2663 habitum
542 2597 656 2680 ubique
679 2597 842 2674 custodiri,
868 2597 958 2662 sicuti
981 2604 1145 2682 antequam
1168 2599 1428 2684 procederetcou·

378 2699 477 2764 tentio
499 2698 721 2784 praedictarum
744 2697 976 2781 quaestionum,
1001 2699 1087 2782 quasi
1110 2699 1197 2764 nulla
1216 2700 1254 2764 de
1265 2699 1309 2764 eis
1321 2706 1428 2764 exorta

380 2799 553 2877 contentio,
589 2797 669 2864 nulli
703 2799 741 2863 de
776 2799 918 2863 omn-ibus
953 2821 1049 2884 usque
1083 2801 1122 2864 ad
1155 2822 1297 2887 praesens
1331 2821 1427 2864 unam
1539 2819 1540 2834 ³

378 2901 568 2966 voluntatem
603 2906 634 2965 et
656 2922 751 2964 unam
773 2899 998 2985 operationem,
1022 2909 1076 2966 aut
1099 2902 1175 2966 duas
1197 2901 1374 2967 voluntates
1396 2908 1428 2966 et

379 3003 455 3066 duas
476 3002 667 3089 operationes
689 3001 988 3086 dogmatizaverunt:
1013 3002 1071 3068 sub
1083 3003 1336 3087 qualemcumque
1355 3024 1428 3086 que·

378 3104 473 3168 relam
506 3104 599 3188 hujus
633 3102 730 3188 gratia
762 3109 816 3167 aut
838 3103 1061 3169 accusationem
1084 3104 1183 3182 facto,
1206 3104 1268 3168 nisi
1290 3109 1429 3168 tantum·

380 3205 469 3269 modo
502 3205 558 3289 qui
592 3227 630 3268 ex
664 3204 776 3268 sanctis
811 3205 947 3288 quinque
977 3205 1201 3270 universalibus
1224 3205 1372 3270 Conciliis
1395 3213 1427 3271 et

379 3305 487 3370 ceteris
512 3304 690 3368 orthodoxis
712 3305 922 3390 probabilibus
945 3306 1088 3371 Patribus
1111 3306 1201 3392 ejecti
1224 3314 1298 3371 sunt
1324 3305 1428 3372 haere
1537 3381 1538 3412 ,

379 3405 435 3470 tici
469 3427 538 3470 cum
571 3405 676 3491 impiis
711 3428 815 3471 eorum
838 3406 1033 3492 dogmatibus
1057 3414 1088 3473 et
1112 3407 1293 3494 conscriptis
1300 3433 1310 3485 3
1334 3414 1366 3473 et
1391 3416 1428 3473 ut

310 3571 311 3576 ,
382 3505 594 3592 compendiose
618 3507 771 3584 dicamus,
796 3508 879 3591 quod
902 3515 1006 3573 sancta
1029 3509 1187 3574 Catholica
1206 3508 1428 3594 etApostolica

379 3607 515 3672 Ecclesia
536 3629 600 3672 non
622 3608 755 3693 accepit,
779 3609 832 3674 sed
855 3609 975 3694 abjecit.

423 3708 474 3772 Ad
509 3708 673 3794 perfectam
695 3715 798 3772 autem
821 3710 973 3774 unitatem
996 3717 1169 3775 sanctarum
1193 3710 1251 3776 Dei
1281 3711 1430 3777 Ecclesia·

283 3799 287 3814 ’
379 3831 448 3872 rum
483 3816 514 3873 et
551 3831 743 3896 communem
778 3811 971 3875 concordiam
1002 3819 1034 3875 et
1056 3818 1092 3877 ut
1126 3811 1214 3876 nulla
1242 3812 1359 3877 occasio
1382 3835 1428 3878 re·

380 3909 539 3992 linquatur
562 3910 615 3987 ais,
637 3910 691 3994 qui
713 3889 780 3976 sine
800 3913 860 3976 fine
875 3912 986 3977 volunt
997 3915 1199 3992 contendere,
1219 3921 1250 3978 et
1262 3913 1383 3978 chartas
1393 3917 1425 3997 ¹),
1535 3937 1536 3986 l

381 4031 457 4092 quae
478 4010 596 4096 positae
620 4010 746 4076 fuerunt
767 4013 801 4077 in
821 4013 960 4077 narthica
975 4014 1183 4080 sanctissimae
1197 4036 1325 4100 magnae
1337 4014 1429 4079 eccle·

394 4275 397 4284 ,
415 4257 443 4326 1)
460 4237 462 4241 ’
481 4259 601 4324 crata,
621 4259 648 4314 n
667 4264 721 4314 aa:
741 4259 868 4318 macen.-
