3092 5000
835 425 905 497 ua
996 388 999 393 ’

339 604 452 669 dieitur
489 601 620 668 Mennae
653 601 692 663 ad
727 598 895 685 Vigilium,
919 604 950 662 et
973 595 1027 682 qui
1050 617 1120 660 eum
1141 593 1299 656 finxerunt
1323 583 1390 648 sive

338 706 535 790 scripserunt.
580 702 754 766 Anathema
786 699 917 776 libellis,
949 698 1003 784 qni
1026 697 1173 788 dicuntnr
1194 689 1270 756 faeti
1291 685 1390 801 luisse

339 830 357 871 a
378 805 496 891 Vigilio
527 804 566 867 ad
588 803 801 868 lastinianum
824 809 855 867 ei
878 801 1069 866 Theodoram
1094 796 1181 861 dirae
1204 809 1388 863 memoriae,

338 907 394 992 qui
429 912 460 970 ei
482 910 556 969 sunt
578 903 649 968 falsi
671 903 882 968 demonstrati.
928 901 1103 966 Anathema
1125 891 1218 961 simul
1236 889 1389 1002 'omnibus

339 1007 395 1091 qui
417 1006 604 1071 falsaverunt
627 1011 694 1070 acta
716 1005 816 1070 sancti
838 1011 869 1070 et
888 1000 1077 1068 Universalis
1093 996 1199 1084 quinti
1209 990 1343 1060 Concilii
1355 990 1391 1073 ¹).

390 1229 495 1320 Quis,
523 1252 669 1325 quaeso,
699 1241 826 1299 tantam
854 1239 995 1323 tamque
1015 1220 1258 1296 exsecrandam
1276 1214 1391 1309 suspi-

342 1353 411 1424 cari
437 1376 601 1447 umquam
631 1353 795 1446 potuisset
812 1349 1115 1421 Monothelitarum
1142 1341 1329 1414 fraudem?
1351 1336 1391 1407 Et

343 1499 418 1545 earn
433 1472 592 1544 fraudem
609 1475 780 1565 cognitam
796 1486 830 1543 ct
845 1483 1058 1567 perspectam
1080 1468 1269 1554 habentes7
1285 1462 1393 1531 fidem

342 1596 502 1667 dabimus
526 1595 695 1685 Macaria,
726 1595 894 1667 librorum
920 1618 961 1666 ac
985 1593 1142 1665 codicum
1170 1585 1392 1682 corruptori?

346 1731 405 1788 aut
422 1716 599 1812 epistolam
626 1717 802 1813 quandam
835 1716 964 1788 casola
986 1716 1029 1786 dc
1053 1738 1155 1786 causa
1191 1731 1391 1804 germanam

342 1852 446 1932 atque
476 1841 651 1930 ¹integram
678 1838 853 1928 dicemus,
886 1838 982 1933 quod
1005 1861 1049 1908 cx
1075 1846 1239 1928 corrupto
1263 1827 1394 1925 prodiit

343 1956 626 2054 Chartophylacio
647 1959 1033 2054 Constantinopolitano.
1062 1959 1221 2030 Jamvero
1235 1953 1393 2041 Honori,

343 2106 431 2177 quae
448 2082 624 2173 dicuntur,
639 2082 751 2152 literas
769 2084 844 2177 quis
862 2082 1019 2152 inlucem
1033 2080 1201 2176 protulit?
1227 2076 1394 2148 Codicum

343 2217 524 2298 corruptor
561 2204 741 2275 Macarius.
780 2205 855 2293 Quo
897 2229 939 2275 ex
977 2204 1072 2275 fonte
1093 2227 1154 2275 aas
1179 2201 1320 2272 hausit?
1347 2197 1396 2268 Ex

343 2337 506 2418 corrupto
564 2325 730 2396 tabulario
784 2325 1174 2422 Constantinopolitano.
1232 2322 1332 2410 Quae
1369 2320 1397 2389 si

343 2447 679 2537 confirmaverimus,
720 2450 799 2542 quis
824 2463 896 2539 est7
942 2451 1004 2544 qni
1040 2448 1213 2520 affirmare
1246 2445 1393 2532 audeat7

345 2569 493 2660 integras
518 2568 563 2637 ad
588 2593 650 2639 nos
677 2573 867 2663 pervenisse
892 2571 1034 2642 Honorii
1058 2571 1198 2642 literas?

393 2687 533 2780 Saepius
568 2691 605 2758 in
642 2689 783 2792 Concilii
819 2693 901 2762 actis
926 2691 1094 2763 Macarius
1120 2691 1396 2762 consentientem

344 2808 408 2878 sibi
434 2808 557 2880 dixisse
581 2811 706 2904 legitur
731 2813 935 2885 Honorinm.
968 2815 1007 2885 Id
1027 2819 1100 2909 jam
1128 2817 1264 2885 actione
1285 2815 1397 2908 prima

346 2932 432 3022 egit,
460 2955 571 3025 quum
595 2934 641 3002 ita
666 2932 822 3004 diceret:
866 2936 959 3006 »Nos
984 2935 1122 3032 quidem
1150 2959 1274 3008 vocum
1299 2935 1399 3006 novi-

347 3062 455 3122 »tates
481 3076 551 3122 non
577 3053 766 3145 edidimus3
794 3055 854 3126 sed
880 3057 1051 3152 quidquid
1079 3061 1301 3162 percepimus
1327 3071 1399 3127 tam

348 3197 391 3241 »a
416 3175 545 3244 sanctis
571 3175 824 3247 Universalibus
848 3177 995 3273 Synodis
1022 3194 1056 3250 et
1081 3163 1207 3252 sanctis
1232 3180 1400 3276 probabi-

348 3293 462 3363 »libus
487 3295 643 3367 Patribus
675 3321 850 3392 quamque
875 3323 893 3368 a
913 3302 1129 3392 praesulibus
1156 3304 1263 3397 hujus
1287 3307 1401 3395 regiae

349 3415 490 3504 »urbis‚
533 3416 569 3485 id
607 3431 678 3508 est,
715 3418 855 3511 Sergio,
895 3422 1024 3514 Paulo,
1052 3425 1186 3521 Pyrrho
1212 3439 1247 3497 ct
1272 3426 1398 3514 Petro,

350 3557 511 3606 »necnon
537 3551 571 3607 et
596 3538 768 3629 Honorio,
796 3542 854 3634 qui
870 3539 936 3611 fuit
952 3545 1046 3638 Papa
1063 3549 1227 3643 antiquae
1244 3549 1400 3636 Romae,

351 3670 409 3726 »et
444 3656 553 3752 Cyrop
593 3661 649 3754 qui
685 3657 748 3730 luit
772 3660 864 3755 Papa
888 3661 1133 3754 Alexandriaeq
1162 3669 1229 3740 hoc
1255 3683 1329 3760 cst,
1359 3668 1402 3738 de

288 3859 289 3862 Ἴ
352 3775 548 3850 »voluntate
580 3793 624 3878 et·
648 3783 865 3874 operatione,
893 3786 941 3856 sic
967 3800 1001 3858 et
1026 3791 1239 3864 credidimus
1265 3806 1301 3868 et
1327 3815 1404 3862 ore-

353 3894 489 3968 »dimus
514 3914 548 3970 et
569 3901 804 3995 praedicamus
829 3918 864 3974 ct
887 3905 1074 4003 docemus,
1098 3927 1132 3984 et
1150 3917 1261 4009 parati
1278 3937 1399 3986 sumus

390 4159 419 4227 1)
438 4160 508 4219 rura.
527 4169 673 4229 ore-saa,
