<?xml version="1.0" encoding="UTF-8"?>
<!DOCTYPE html PUBLIC "-//W3C//DTD XHTML 1.0 Transitional//EN"
    "http://www.w3.org/TR/xhtml1/DTD/xhtml1-transitional.dtd">
<html xmlns="http://www.w3.org/1999/xhtml" xml:lang="en" lang="en">
 <head>
  <title>
</title>
<meta http-equiv="Content-Type" content="text/html;charset=utf-8" />
  <meta name='ocr-system' content='tesseract 3.04.00' />
  <meta name='ocr-capabilities' content='ocr_page ocr_carea ocr_par ocr_line ocrx_word'/>
</head>
<body>
  <div class='ocr_page' id='page_1' title='image "./dehonoriipapaee00bottgoog_0054.png"; bbox 0 0 3140 5004; ppageno 0'>
   <div class='ocr_carea' id='block_1_1' title="bbox 855 495 905 564">
    <p class='ocr_par' dir='ltr' id='par_1_1' title="bbox 855 495 905 564">
     <span class='ocr_line' id='line_1_1' title="bbox 855 495 905 564; baseline 0.02 -1"><span class='ocrx_word' id='word_1_1' title='bbox 855 495 905 564; x_wconf 78' lang='lat' dir='ltr'>tt</span> 
     </span>
    </p>
   </div>
   <div class='ocr_carea' id='block_1_2' title="bbox 356 667 1406 1252">
    <p class='ocr_par' dir='ltr' id='par_1_2' title="bbox 356 667 1406 1252">
     <span class='ocr_line' id='line_1_2' title="bbox 357 667 1401 757; baseline -0.002 -20"><span class='ocrx_word' id='word_1_2' title='bbox 357 667 531 739; x_wconf 78' lang='lat' dir='ltr'>Anastasio</span> <span class='ocrx_word' id='word_1_3' title='bbox 569 669 692 738; x_wconf 80' lang='lat' dir='ltr'>abbate</span> <span class='ocrx_word' id='word_1_4' title='bbox 729 669 893 740; x_wconf 88' lang='lat' dir='ltr'>audivisse</span> <span class='ocrx_word' id='word_1_5' title='bbox 927 693 963 738; x_wconf 92' lang='lat' dir='ltr'>se</span> <span class='ocrx_word' id='word_1_6' title='bbox 996 681 1133 757; x_wconf 68' lang='lat' dir='ltr'>narrat‚</span> <span class='ocrx_word' id='word_1_7' title='bbox 1170 693 1209 740; x_wconf 89' lang='lat' dir='ltr'>ca</span> <span class='ocrx_word' id='word_1_8' title='bbox 1246 671 1401 739; x_wconf 89' lang='lat' dir='ltr'>invocata</span> 
     </span>
     <span class='ocr_line' id='line_1_3' title="bbox 357 789 1404 884; baseline -0.001 -24"><span class='ocrx_word' id='word_1_9' title='bbox 357 789 540 884; x_wconf 88' lang='lat' dir='ltr'>aliquando</span> <span class='ocrx_word' id='word_1_10' title='bbox 589 789 727 862; x_wconf 82' lang='lat' dir='ltr'>fuerunt</span> <span class='ocrx_word' id='word_1_11' title='bbox 774 791 818 860; x_wconf 91' lang='lat' dir='ltr'>ad</span> <span class='ocrx_word' id='word_1_12' title='bbox 859 791 1131 880; x_wconf 66' lang='lat' dir='ltr'>ostendendum,</span> <span class='ocrx_word' id='word_1_13' title='bbox 1172 793 1273 862; x_wconf 86' lang='lat' dir='ltr'>etiarn</span> <span class='ocrx_word' id='word_1_14' title='bbox 1312 789 1404 860; x_wconf 64' lang='lat' dir='ltr'>‘baec</span> 
     </span>
     <span class='ocr_line' id='line_1_4' title="bbox 357 910 1398 1004; baseline 0.001 -23"><span class='ocrx_word' id='word_1_15' title='bbox 357 913 496 983; x_wconf 84' lang='lat' dir='ltr'>Honorii</span> <span class='ocrx_word' id='word_1_16' title='bbox 528 911 650 982; x_wconf 89' lang='lat' dir='ltr'>verba:</span> <span class='ocrx_word' id='word_1_17' title='bbox 686 913 834 984; x_wconf 74' lang='lat' dir='ltr'>undeet</span> <span class='ocrx_word' id='word_1_18' title='bbox 859 937 966 983; x_wconf 78' lang='lat' dir='ltr'>mmm</span> <span class='ocrx_word' id='word_1_19' title='bbox 990 912 1199 984; x_wconf 81' lang='lat' dir='ltr'>voluntatem</span> <span class='ocrx_word' id='word_1_20' title='bbox 1222 910 1398 1004; x_wconf 32' lang='lat' dir='ltr'>fatemur</span> 
     </span>
     <span class='ocr_line' id='line_1_5' title="bbox 356 1033 1406 1130; baseline -0.002 -26"><span class='ocrx_word' id='word_1_21' title='bbox 356 1034 401 1104; x_wconf 89' lang='lat' dir='ltr'>ab</span> <span class='ocrx_word' id='word_1_22' title='bbox 418 1034 594 1105; x_wconf 80' lang='lat' dir='ltr'><strong>haereticis</strong></span> <span class='ocrx_word' id='word_1_23' title='bbox 611 1033 712 1105; x_wconf 72' lang='lat' dir='ltr'>baisse</span> <span class='ocrx_word' id='word_1_24' title='bbox 729 1047 901 1130; x_wconf 85' lang='lat' dir='ltr'>corrupta.</span> <span class='ocrx_word' id='word_1_25' title='bbox 921 1035 1013 1106; x_wconf 86' lang='lat' dir='ltr'>Inter</span> <span class='ocrx_word' id='word_1_26' title='bbox 1026 1035 1108 1107; x_wconf 88' lang='lat' dir='ltr'>alios</span> <span class='ocrx_word' id='word_1_27' title='bbox 1121 1059 1241 1106; x_wconf 91' lang='lat' dir='ltr'>recens</span> <span class='ocrx_word' id='word_1_28' title='bbox 1257 1036 1406 1128; x_wconf 72' lang='lat' dir='ltr'>scriptor</span> 
     </span>
     <span class='ocr_line' id='line_1_6' title="bbox 356 1154 1404 1252; baseline 0 -28"><span class='ocrx_word' id='word_1_29' title='bbox 356 1154 525 1244; x_wconf 63' lang='lat' dir='ltr'>Gallicus7</span> <span class='ocrx_word' id='word_1_30' title='bbox 553 1155 593 1226; x_wconf 91' lang='grc' dir='ltr'>Β.</span> <span class='ocrx_word' id='word_1_31' title='bbox 620 1155 667 1226; x_wconf 90' lang='grc' dir='ltr'>Μ.</span> <span class='ocrx_word' id='word_1_32' title='bbox 696 1154 879 1246; x_wconf 75' lang='lat' dir='ltr'><strong>Constant,</strong></span> <span class='ocrx_word' id='word_1_33' title='bbox 907 1180 947 1226; x_wconf 84' lang='lat' dir='ltr'>ea</span> <span class='ocrx_word' id='word_1_34' title='bbox 964 1156 1100 1250; x_wconf 82' lang='lat' dir='ltr'>allegat.</span> <span class='ocrx_word' id='word_1_35' title='bbox 1128 1156 1196 1228; x_wconf 87' lang='lat' dir='ltr'>Sed</span> <span class='ocrx_word' id='word_1_36' title='bbox 1213 1181 1318 1252; x_wconf 87' lang='lat' dir='ltr'>quam</span> <span class='ocrx_word' id='word_1_37' title='bbox 1335 1157 1404 1225; x_wconf 89' lang='lat' dir='ltr'>irn-</span> 
     </span>
    </p>
   </div>
   <div class='ocr_carea' id='block_1_3' title="bbox 293 1260 1404 1620">
    <p class='ocr_par' dir='ltr' id='par_1_3' title="bbox 293 1260 1404 1620">
     <span class='ocr_line' id='line_1_7' title="bbox 293 1260 1404 1375; baseline 0.002 -29"><span class='ocrx_word' id='word_1_38' title='bbox 293 1335 297 1340; x_wconf 93' lang='lat'><em>.</em></span> <span class='ocrx_word' id='word_1_39' title='bbox 357 1279 477 1349; x_wconf 88' lang='lat' dir='ltr'>merito</span> <span class='ocrx_word' id='word_1_40' title='bbox 510 1278 576 1350; x_wconf 92' lang='lat' dir='ltr'>hoc</span> <span class='ocrx_word' id='word_1_41' title='bbox 621 1278 701 1368; x_wconf 65' lang='lat' dir='ltr'>fiat,</span> <span class='ocrx_word' id='word_1_42' title='bbox 732 1260 848 1374; x_wconf 91' lang='lat' dir='ltr'>paucis</span> <span class='ocrx_word' id='word_1_43' title='bbox 873 1278 928 1349; x_wconf 92' lang='lat' dir='ltr'>hic</span> <span class='ocrx_word' id='word_1_44' title='bbox 953 1279 1195 1375; x_wconf 86' lang='lat' dir='ltr'>explicandum</span> <span class='ocrx_word' id='word_1_45' title='bbox 1221 1293 1292 1368; x_wconf 66' lang='lat' dir='ltr'>est,</span> <span class='ocrx_word' id='word_1_46' title='bbox 1323 1280 1404 1373; x_wconf 89' lang='lat' dir='ltr'>quia</span> 
     </span>
     <span class='ocr_line' id='line_1_8' title="bbox 355 1385 1402 1494; baseline 0.002 -25"><span class='ocrx_word' id='word_1_47' title='bbox 355 1412 489 1470; x_wconf 86' lang='lat' dir='ltr'>tantum</span> <span class='ocrx_word' id='word_1_48' title='bbox 514 1401 631 1490; x_wconf 66' lang='lat' dir='ltr'>abest,</span> <span class='ocrx_word' id='word_1_49' title='bbox 659 1385 697 1472; x_wconf 81' lang='lat' dir='ltr'>ut</span> <span class='ocrx_word' id='word_1_50' title='bbox 721 1405 917 1494; x_wconf 77' lang='lat' dir='ltr'>conjectura</span> <span class='ocrx_word' id='word_1_51' title='bbox 942 1401 998 1472; x_wconf 91' lang='lat' dir='ltr'>illa</span> <span class='ocrx_word' id='word_1_52' title='bbox 1020 1401 1128 1472; x_wconf 87' lang='lat' dir='ltr'>faveat</span> <span class='ocrx_word' id='word_1_53' title='bbox 1158 1413 1294 1473; x_wconf 88' lang='lat' dir='ltr'>nostrae</span> <span class='ocrx_word' id='word_1_54' title='bbox 1320 1424 1402 1471; x_wconf 87' lang='lat' dir='ltr'>sen-</span> 
     </span>
     <span class='ocr_line' id='line_1_9' title="bbox 356 1499 1156 1620; baseline 0.005 -30"><span class='ocrx_word' id='word_1_55' title='bbox 356 1499 500 1611; x_wconf 68' lang='lat' dir='ltr'>tentiae‚</span> <span class='ocrx_word' id='word_1_56' title='bbox 528 1535 566 1594; x_wconf 91' lang='lat' dir='ltr'>ut</span> <span class='ocrx_word' id='word_1_57' title='bbox 591 1526 621 1593; x_wconf 87' lang='lat' dir='ltr'>ei</span> <span class='ocrx_word' id='word_1_58' title='bbox 646 1525 759 1620; x_wconf 88' lang='lat' dir='ltr'>potius</span> <span class='ocrx_word' id='word_1_59' title='bbox 784 1537 904 1595; x_wconf 89' lang='lat' dir='ltr'>noceat</span> <span class='ocrx_word' id='word_1_60' title='bbox 928 1536 1031 1619; x_wconf 89' lang='lat' dir='ltr'>atque</span> <span class='ocrx_word' id='word_1_61' title='bbox 1056 1525 1156 1594; x_wconf 89' lang='lat' dir='ltr'>obsit.</span> 
     </span>
    </p>
   </div>
   <div class='ocr_carea' id='block_1_4' title="bbox 403 1645 1414 1740">
    <p class='ocr_par' dir='ltr' id='par_1_4' title="bbox 403 1645 1414 1740">
     <span class='ocr_line' id='line_1_10' title="bbox 403 1645 1414 1740; baseline -0.002 -26"><span class='ocrx_word' id='word_1_62' title='bbox 403 1645 566 1717; x_wconf 89' lang='lat' dir='ltr'>Nondum</span> <span class='ocrx_word' id='word_1_63' title='bbox 592 1647 714 1740; x_wconf 90' lang='lat' dir='ltr'>scripta</span> <span class='ocrx_word' id='word_1_64' title='bbox 741 1647 891 1740; x_wconf 58' lang='lat' dir='ltr'>quippe„</span> <span class='ocrx_word' id='word_1_65' title='bbox 919 1657 978 1716; x_wconf 86' lang='lat' dir='ltr'>aut</span> <span class='ocrx_word' id='word_1_66' title='bbox 1002 1645 1123 1716; x_wconf 87' lang='lat' dir='ltr'>saltem</span> <span class='ocrx_word' id='word_1_67' title='bbox 1151 1645 1309 1716; x_wconf 90' lang='lat' dir='ltr'>nondum</span> <span class='ocrx_word' id='word_1_68' title='bbox 1336 1645 1414 1715; x_wconf 84' lang='lat' dir='ltr'>sibi</span> 
     </span>
    </p>
   </div>
   <div class='ocr_carea' id='block_1_5' title="bbox 356 1752 1413 1862">
    <p class='ocr_par' dir='ltr' id='par_1_5' title="bbox 356 1752 1413 1862">
     <span class='ocr_line' id='line_1_11' title="bbox 356 1752 1413 1862; baseline 0 -24"><span class='ocrx_word' id='word_1_69' title='bbox 356 1768 505 1860; x_wconf 66' lang='lat' dir='ltr'>cognita,</span> <span class='ocrx_word' id='word_1_70' title='bbox 524 1791 628 1861; x_wconf 90' lang='lat' dir='ltr'>quam</span> <span class='ocrx_word' id='word_1_71' title='bbox 642 1767 790 1837; x_wconf 88' lang='lat' dir='ltr'>Joannes</span> <span class='ocrx_word' id='word_1_72' title='bbox 802 1767 844 1837; x_wconf 90' lang='lat' dir='ltr'>IV</span> <span class='ocrx_word' id='word_1_73' title='bbox 857 1767 982 1838; x_wconf 88' lang='lat' dir='ltr'>confici</span> <span class='ocrx_word' id='word_1_74' title='bbox 997 1769 1138 1856; x_wconf 69' lang='lat' dir='ltr'>curavit‚</span> <span class='ocrx_word' id='word_1_75' title='bbox 1159 1767 1300 1838; x_wconf 91' lang='lat' dir='ltr'>Honorii</span> <span class='ocrx_word' id='word_1_76' title='bbox 1316 1752 1413 1862; x_wconf 19' lang='lat' dir='ltr'>apo-¹</span> 
     </span>
    </p>
   </div>
   <div class='ocr_carea' id='block_1_6' title="bbox 356 1887 1403 2108">
    <p class='ocr_par' dir='ltr' id='par_1_6' title="bbox 356 1887 1403 2108">
     <span class='ocr_line' id='line_1_12' title="bbox 356 1887 1403 1982; baseline -0.002 -21"><span class='ocrx_word' id='word_1_77' title='bbox 356 1890 464 1982; x_wconf 71' lang='lat' dir='ltr'>logia,</span> <span class='ocrx_word' id='word_1_78' title='bbox 484 1889 520 1958; x_wconf 88' lang='lat' dir='ltr'>S.</span> <span class='ocrx_word' id='word_1_79' title='bbox 542 1887 812 1978; x_wconf 63' lang='lat' dir='ltr'>Maximusmon</span> <span class='ocrx_word' id='word_1_80' title='bbox 821 1889 886 1960; x_wconf 88' lang='lat' dir='ltr'>alio</span> <span class='ocrx_word' id='word_1_81' title='bbox 896 1891 959 1960; x_wconf 95' lang='lat' dir='ltr'>nisi</span> <span class='ocrx_word' id='word_1_82' title='bbox 968 1889 1132 1960; x_wconf 87' lang='lat' dir='ltr'>Anastasii</span> <span class='ocrx_word' id='word_1_83' title='bbox 1143 1891 1236 1960; x_wconf 91' lang='lat' dir='ltr'>nisus</span> <span class='ocrx_word' id='word_1_84' title='bbox 1248 1891 1403 1960; x_wconf 88' lang='lat' dir='ltr'>testimo-</span> 
     </span>
     <span class='ocr_line' id='line_1_13' title="bbox 357 2008 1403 2108; baseline 0.001 -27"><span class='ocrx_word' id='word_1_85' title='bbox 357 2013 435 2100; x_wconf 69' lang='lat' dir='ltr'>nio,</span> <span class='ocrx_word' id='word_1_86' title='bbox 463 2010 528 2081; x_wconf 91' lang='lat' dir='ltr'>hoc</span> <span class='ocrx_word' id='word_1_87' title='bbox 554 2008 734 2080; x_wconf 85' lang='lat' dir='ltr'>affirmavit</span> <span class='ocrx_word' id='word_1_88' title='bbox 746 2011 884 2106; x_wconf 89' lang='lat' dir='ltr'>quidem</span> <span class='ocrx_word' id='word_1_89' title='bbox 900 2013 936 2080; x_wconf 92' lang='lat' dir='ltr'>in</span> <span class='ocrx_word' id='word_1_90' title='bbox 952 2010 1088 2082; x_wconf 87' lang='lat' dir='ltr'>laudata</span> <span class='ocrx_word' id='word_1_91' title='bbox 1105 2010 1245 2106; x_wconf 89' lang='lat' dir='ltr'>epistola</span> <span class='ocrx_word' id='word_1_92' title='bbox 1258 2041 1268 2100; x_wconf 72' lang='lat'>3</span> <span class='ocrx_word' id='word_1_93' title='bbox 1283 2023 1403 2108; x_wconf 89' lang='lat' dir='ltr'>postea</span> 
     </span>
    </p>
   </div>
   <div class='ocr_carea' id='block_1_7' title="bbox 355 2131 1414 2228">
    <p class='ocr_par' dir='ltr' id='par_1_7' title="bbox 355 2131 1414 2228">
     <span class='ocr_line' id='line_1_14' title="bbox 355 2131 1414 2228; baseline 0 -26"><span class='ocrx_word' id='word_1_94' title='bbox 355 2157 448 2222; x_wconf 70' lang='lat' dir='ltr'>vero,</span> <span class='ocrx_word' id='word_1_95' title='bbox 477 2131 647 2228; x_wconf 87' lang='lat' dir='ltr'>Pyrrhum</span> <span class='ocrx_word' id='word_1_96' title='bbox 674 2131 823 2204; x_wconf 85' lang='lat' dir='ltr'>refutans</span> <span class='ocrx_word' id='word_1_97' title='bbox 847 2145 882 2203; x_wconf 90' lang='lat' dir='ltr'>et</span> <span class='ocrx_word' id='word_1_98' title='bbox 906 2132 1114 2203; x_wconf 87' lang='lat' dir='ltr'>Catholicam</span> <span class='ocrx_word' id='word_1_99' title='bbox 1137 2133 1277 2225; x_wconf 84' lang='lat' dir='ltr'>Honorii</span> <span class='ocrx_word' id='word_1_100' title='bbox 1295 2131 1414 2206; x_wconf 84' lang='lat' dir='ltr'>fidem.</span> 
     </span>
    </p>
   </div>
   <div class='ocr_carea' id='block_1_8' title="bbox 355 2253 1402 2471">
    <p class='ocr_par' dir='ltr' id='par_1_8' title="bbox 355 2253 1402 2471">
     <span class='ocr_line' id='line_1_15' title="bbox 355 2253 1402 2350; baseline 0.001 -26"><span class='ocrx_word' id='word_1_101' title='bbox 355 2258 478 2326; x_wconf 87' lang='lat' dir='ltr'>iterum</span> <span class='ocrx_word' id='word_1_102' title='bbox 505 2253 713 2336; x_wconf 61' lang='lat' dir='ltr'>defendensq</span> <span class='ocrx_word' id='word_1_103' title='bbox 733 2254 777 2324; x_wconf 90' lang='lat' dir='ltr'>de</span> <span class='ocrx_word' id='word_1_104' title='bbox 789 2255 850 2324; x_wconf 87' lang='lat' dir='ltr'>ista</span> <span class='ocrx_word' id='word_1_105' title='bbox 865 2253 1112 2326; x_wconf 87' lang='lat' dir='ltr'>haereticorum</span> <span class='ocrx_word' id='word_1_106' title='bbox 1127 2254 1246 2326; x_wconf 82' lang='lat' dir='ltr'>fraude</span> <span class='ocrx_word' id='word_1_107' title='bbox 1261 2279 1402 2350; x_wconf 83' lang='lat' dir='ltr'>prorsus</span> 
     </span>
     <span class='ocr_line' id='line_1_16' title="bbox 356 2376 1398 2471; baseline -0.001 -23"><span class='ocrx_word' id='word_1_108' title='bbox 356 2377 444 2467; x_wconf 76' lang='lat' dir='ltr'>silet3</span> <span class='ocrx_word' id='word_1_109' title='bbox 460 2378 613 2471; x_wconf 89' lang='lat' dir='ltr'>quinimo</span> <span class='ocrx_word' id='word_1_110' title='bbox 626 2376 717 2446; x_wconf 87' lang='lat' dir='ltr'>ultro</span> <span class='ocrx_word' id='word_1_111' title='bbox 730 2376 899 2453; x_wconf 71' lang='lat' dir='ltr'>concedit„</span> <span class='ocrx_word' id='word_1_112' title='bbox 916 2377 1017 2447; x_wconf 89' lang='lat' dir='ltr'>verba</span> <span class='ocrx_word' id='word_1_113' title='bbox 1033 2376 1089 2448; x_wconf 90' lang='lat' dir='ltr'>illa</span> <span class='ocrx_word' id='word_1_114' title='bbox 1104 2401 1176 2448; x_wconf 88' lang='lat' dir='ltr'>esse</span> <span class='ocrx_word' id='word_1_115' title='bbox 1188 2377 1398 2466; x_wconf 78' lang='lat' dir='ltr'>authentica,</span> 
     </span>
    </p>
   </div>
   <div class='ocr_carea' id='block_1_9' title="bbox 246 2497 1401 2596">
    <p class='ocr_par' dir='ltr' id='par_1_9' title="bbox 246 2497 1401 2596">
     <span class='ocr_line' id='line_1_17' title="bbox 246 2497 1401 2596; baseline -0.005 -26"><span class='ocrx_word' id='word_1_116' title='bbox 246 2576 248 2580; x_wconf 56' lang='grc'>,</span> <span class='ocrx_word' id='word_1_117' title='bbox 355 2523 463 2596; x_wconf 88' lang='lat' dir='ltr'>eaque</span> <span class='ocrx_word' id='word_1_118' title='bbox 496 2497 666 2570; x_wconf 88' lang='lat' dir='ltr'>Catholice</span> <span class='ocrx_word' id='word_1_119' title='bbox 699 2498 846 2593; x_wconf 88' lang='lat' dir='ltr'>explicat</span> <span class='ocrx_word' id='word_1_120' title='bbox 878 2500 1068 2571; x_wconf 89' lang='lat' dir='ltr'>invocando</span> <span class='ocrx_word' id='word_1_121' title='bbox 1105 2501 1304 2594; x_wconf 89' lang='lat' dir='ltr'>praesertim</span> <span class='ocrx_word' id='word_1_122' title='bbox 1339 2524 1401 2571; x_wconf 80' lang='lat' dir='ltr'>cx-</span> 
     </span>
    </p>
   </div>
   <div class='ocr_carea' id='block_1_10' title="bbox 354 2620 1401 2838">
    <p class='ocr_par' dir='ltr' id='par_1_10' title="bbox 354 2620 1401 2838">
     <span class='ocr_line' id='line_1_18' title="bbox 355 2620 1400 2717; baseline -0.001 -26"><span class='ocrx_word' id='word_1_123' title='bbox 355 2622 579 2717; x_wconf 68' lang='lat' dir='ltr'>positionem,</span> <span class='ocrx_word' id='word_1_124' title='bbox 632 2644 734 2715; x_wconf 90' lang='lat' dir='ltr'>quam</span> <span class='ocrx_word' id='word_1_125' title='bbox 778 2620 918 2691; x_wconf 77' lang='lat' dir='ltr'>dederat</span> <span class='ocrx_word' id='word_1_126' title='bbox 955 2621 1108 2692; x_wconf 71' lang='lat' dir='ltr'>vJoannes</span> <span class='ocrx_word' id='word_1_127' title='bbox 1148 2621 1274 2712; x_wconf 46' lang='lat' dir='ltr'>abbam</span> <span class='ocrx_word' id='word_1_128' title='bbox 1319 2645 1400 2692; x_wconf 90' lang='lat' dir='ltr'>cnm</span> 
     </span>
     <span class='ocr_line' id='line_1_19' title="bbox 354 2742 1401 2838; baseline 0.001 -26"><span class='ocrx_word' id='word_1_129' title='bbox 354 2742 563 2838; x_wconf 83' lang='lat' dir='ltr'>praedictam</span> <span class='ocrx_word' id='word_1_130' title='bbox 591 2742 1063 2838; x_wconf 23' lang='lat' dir='ltr'>Honoriilapologiam7jussu</span> <span class='ocrx_word' id='word_1_131' title='bbox 1083 2744 1223 2814; x_wconf 89' lang='lat' dir='ltr'>Joannis</span> <span class='ocrx_word' id='word_1_132' title='bbox 1240 2744 1296 2833; x_wconf 70' lang='lat' dir='ltr'>IV,</span> <span class='ocrx_word' id='word_1_133' title='bbox 1316 2767 1401 2814; x_wconf 93' lang='lat' dir='ltr'>con-</span> 
     </span>
    </p>
   </div>
   <div class='ocr_carea' id='block_1_11' title="bbox 0 0 1574 2424">
    <p class='ocr_par' dir='ltr' id='par_1_11' title="bbox 0 0 1574 2424">
     <span class='ocr_line' id='line_1_20' title="bbox 0 0 1574 2424; baseline 0 0"><span class='ocrx_word' id='word_1_134' title='bbox 0 0 1574 2424; x_wconf 95' lang='lat' dir='ltr'> </span> 
     </span>
    </p>
   </div>
   <div class='ocr_carea' id='block_1_12' title="bbox 330 2863 1420 2959">
    <p class='ocr_par' dir='ltr' id='par_1_12' title="bbox 330 2863 1420 2959">
     <span class='ocr_line' id='line_1_21' title="bbox 330 2863 1420 2959; baseline -0.003 -22"><span class='ocrx_word' id='word_1_135' title='bbox 330 2867 332 2870; x_wconf 72' lang='grc'><strong>’</strong></span> <span class='ocrx_word' id='word_1_136' title='bbox 356 2865 538 2937; x_wconf 87' lang='lat' dir='ltr'>scribebat.</span> <span class='ocrx_word' id='word_1_137' title='bbox 557 2864 755 2954; x_wconf 49' lang='lat' dir='ltr'>Praetereau</span> <span class='ocrx_word' id='word_1_138' title='bbox 774 2866 849 2959; x_wconf 92' lang='lat' dir='ltr'>quis</span> <span class='ocrx_word' id='word_1_139' title='bbox 865 2877 916 2934; x_wconf 90' lang='lat' dir='ltr'>est</span> <span class='ocrx_word' id='word_1_140' title='bbox 933 2867 990 2959; x_wconf 90' lang='lat' dir='ltr'>qui</span> <span class='ocrx_word' id='word_1_141' title='bbox 1009 2863 1193 2957; x_wconf 65' lang='lat' dir='ltr'>intelligat,</span> <span class='ocrx_word' id='word_1_142' title='bbox 1214 2889 1277 2935; x_wconf 92' lang='lat' dir='ltr'>cur</span> <span class='ocrx_word' id='word_1_143' title='bbox 1293 2865 1420 2936; x_wconf 90' lang='lat' dir='ltr'>abbas·</span> 
     </span>
    </p>
   </div>
   <div class='ocr_carea' id='block_1_13' title="bbox 353 2985 1403 3447">
    <p class='ocr_par' dir='ltr' id='par_1_13' title="bbox 353 2985 1403 3447">
     <span class='ocr_line' id='line_1_22' title="bbox 356 2985 1398 3081; baseline 0 -24"><span class='ocrx_word' id='word_1_144' title='bbox 356 2986 414 3057; x_wconf 89' lang='lat' dir='ltr'>ille</span> <span class='ocrx_word' id='word_1_145' title='bbox 427 3033 470 3043; x_wconf 91' lang='lat'>-</span> <span class='ocrx_word' id='word_1_146' title='bbox 483 2986 575 3081; x_wconf 91' lang='lat' dir='ltr'>quod</span> <span class='ocrx_word' id='word_1_147' title='bbox 596 2985 748 3081; x_wconf 85' lang='lat' dir='ltr'>profecto</span> <span class='ocrx_word' id='word_1_148' title='bbox 765 2985 875 3057; x_wconf 89' lang='lat' dir='ltr'>facere</span> <span class='ocrx_word' id='word_1_149' title='bbox 900 2986 1071 3058; x_wconf 88' lang='lat' dir='ltr'>debuisset</span> <span class='ocrx_word' id='word_1_150' title='bbox 1084 3021 1127 3032; x_wconf 93' lang='lat'><em>-</em></span> <span class='ocrx_word' id='word_1_151' title='bbox 1143 2986 1246 3080; x_wconf 88' lang='lat' dir='ltr'>hujus</span> <span class='ocrx_word' id='word_1_152' title='bbox 1257 2985 1398 3076; x_wconf 67' lang='lat' dir='ltr'>fraudis,</span> 
     </span>
     <span class='ocr_line' id='line_1_23' title="bbox 356 3106 1403 3203; baseline -0.001 -23"><span class='ocrx_word' id='word_1_153' title='bbox 356 3111 384 3180; x_wconf 90' lang='lat' dir='ltr'>si</span> <span class='ocrx_word' id='word_1_154' title='bbox 420 3131 535 3179; x_wconf 87' lang='lat' dir='ltr'>revera</span> <span class='ocrx_word' id='word_1_155' title='bbox 566 3107 783 3196; x_wconf 61' lang='lat' dir='ltr'>obtinuisset„</span> <span class='ocrx_word' id='word_1_156' title='bbox 811 3131 856 3178; x_wconf 90' lang='lat' dir='ltr'>ne</span> <span class='ocrx_word' id='word_1_157' title='bbox 887 3106 994 3178; x_wconf 90' lang='lat' dir='ltr'>ullam</span> <span class='ocrx_word' id='word_1_158' title='bbox 1020 3107 1159 3203; x_wconf 89' lang='lat' dir='ltr'>quidem</span> <span class='ocrx_word' id='word_1_159' title='bbox 1184 3109 1220 3176; x_wconf 94' lang='lat' dir='ltr'>in</span> <span class='ocrx_word' id='word_1_160' title='bbox 1246 3108 1403 3201; x_wconf 75' lang='lat' dir='ltr'>apologia</span> 
     </span>
     <span class='ocr_line' id='line_1_24' title="bbox 353 3229 1399 3324; baseline 0.003 -25"><span class='ocrx_word' id='word_1_161' title='bbox 353 3230 470 3300; x_wconf 84' lang='lat' dir='ltr'>fecerit</span> <span class='ocrx_word' id='word_1_162' title='bbox 510 3231 746 3300; x_wconf 73' lang='lat' dir='ltr'>mentionem?</span> <span class='ocrx_word' id='word_1_163' title='bbox 779 3229 874 3316; x_wconf 83' lang='lat' dir='ltr'>Quae</span> <span class='ocrx_word' id='word_1_164' title='bbox 899 3231 1012 3298; x_wconf 89' lang='lat' dir='ltr'>omnia</span> <span class='ocrx_word' id='word_1_165' title='bbox 1038 3242 1077 3299; x_wconf 86' lang='lat' dir='ltr'>ut</span> <span class='ocrx_word' id='word_1_166' title='bbox 1102 3231 1208 3322; x_wconf 81' lang='lat' dir='ltr'>magis</span> <span class='ocrx_word' id='word_1_167' title='bbox 1236 3243 1399 3324; x_wconf 59' lang='lat' dir='ltr'>pateant„</span> 
     </span>
     <span class='ocr_line' id='line_1_25' title="bbox 354 3349 1399 3447; baseline 0.004 -27"><span class='ocrx_word' id='word_1_168' title='bbox 354 3354 468 3445; x_wconf 89' lang='lat' dir='ltr'>ipsum</span> <span class='ocrx_word' id='word_1_169' title='bbox 481 3351 517 3420; x_wconf 88' lang='lat' dir='ltr'>S.</span> <span class='ocrx_word' id='word_1_170' title='bbox 533 3350 719 3421; x_wconf 87' lang='lat' dir='ltr'>Maximum</span> <span class='ocrx_word' id='word_1_171' title='bbox 729 3350 906 3420; x_wconf 87' lang='lat' dir='ltr'>audiamus</span> <span class='ocrx_word' id='word_1_172' title='bbox 915 3349 1145 3443; x_wconf 86' lang='lat' dir='ltr'>disputantem</span> <span class='ocrx_word' id='word_1_173' title='bbox 1154 3375 1234 3422; x_wconf 89' lang='lat' dir='ltr'>cum</span> <span class='ocrx_word' id='word_1_174' title='bbox 1243 3352 1378 3447; x_wconf 83' lang='lat' dir='ltr'>Pyrrho</span> <span class='ocrx_word' id='word_1_175' title='bbox 1391 3383 1399 3423; x_wconf 77' lang='grc' dir='ltr'><strong><em>ε</em></strong></span> 
     </span>
    </p>
   </div>
   <div class='ocr_carea' id='block_1_14' title="bbox 341 3592 1405 4280">
    <p class='ocr_par' dir='ltr' id='par_1_14' title="bbox 356 3592 1404 3860">
     <span class='ocr_line' id='line_1_26' title="bbox 403 3592 1402 3679; baseline 0.006 -23"><span class='ocrx_word' id='word_1_176' title='bbox 403 3595 543 3679; x_wconf 71' lang='lat' dir='ltr'>Pyrrhia.</span> <span class='ocrx_word' id='word_1_177' title='bbox 590 3593 675 3674; x_wconf 77' lang='lat' dir='ltr'>Quid</span> <span class='ocrx_word' id='word_1_178' title='bbox 709 3593 747 3657; x_wconf 86' lang='lat' dir='ltr'>dc</span> <span class='ocrx_word' id='word_1_179' title='bbox 780 3592 919 3657; x_wconf 87' lang='lat' dir='ltr'>Honorio</span> <span class='ocrx_word' id='word_1_180' title='bbox 950 3593 988 3656; x_wconf 88' lang='lat' dir='ltr'>ad</span> <span class='ocrx_word' id='word_1_181' title='bbox 1019 3592 1266 3677; x_wconf 86' lang='lat' dir='ltr'>respondendum</span> <span class='ocrx_word' id='word_1_182' title='bbox 1289 3594 1402 3675; x_wconf 86' lang='lat' dir='ltr'>habos,</span> 
     </span>
     <span class='ocr_line' id='line_1_27' title="bbox 357 3692 1404 3780; baseline 0.004 -22"><span class='ocrx_word' id='word_1_183' title='bbox 357 3694 411 3779; x_wconf 89' lang='lat' dir='ltr'>qui</span> <span class='ocrx_word' id='word_1_184' title='bbox 432 3701 535 3780; x_wconf 86' lang='lat' dir='ltr'>aperto</span> <span class='ocrx_word' id='word_1_185' title='bbox 557 3693 738 3759; x_wconf 79' lang='lat' dir='ltr'>antecessori</span> <span class='ocrx_word' id='word_1_186' title='bbox 762 3716 829 3757; x_wconf 91' lang='lat' dir='ltr'>meo</span> <span class='ocrx_word' id='word_1_187' title='bbox 853 3715 946 3757; x_wconf 87' lang='lat' dir='ltr'>unam</span> <span class='ocrx_word' id='word_1_188' title='bbox 958 3692 1147 3758; x_wconf 87' lang='lat' dir='ltr'>voluntatem</span> <span class='ocrx_word' id='word_1_189' title='bbox 1159 3693 1289 3759; x_wconf 88' lang='lat' dir='ltr'>Domini</span> <span class='ocrx_word' id='word_1_190' title='bbox 1302 3697 1404 3762; x_wconf 78' lang='lat' dir='ltr'>nostri</span> 
     </span>
     <span class='ocr_line' id='line_1_28' title="bbox 356 3793 828 3860; baseline -0.006 0"><span class='ocrx_word' id='word_1_191' title='bbox 356 3797 432 3860; x_wconf 86' lang='lat' dir='ltr'>Jcsu</span> <span class='ocrx_word' id='word_1_192' title='bbox 455 3795 572 3860; x_wconf 81' lang='lat' dir='ltr'>Christi</span> <span class='ocrx_word' id='word_1_193' title='bbox 594 3817 658 3860; x_wconf 86' lang='lat' dir='ltr'>esse</span> <span class='ocrx_word' id='word_1_194' title='bbox 680 3793 828 3858; x_wconf 78' lang='lat' dir='ltr'>tradidit?</span> 
     </span>
    </p>

    <p class='ocr_par' dir='ltr' id='par_1_15' title="bbox 341 3891 1405 4280">
     <span class='ocr_line' id='line_1_29' title="bbox 347 3891 1405 3982; baseline 0.003 -23"><span class='ocrx_word' id='word_1_195' title='bbox 347 3891 353 3906; x_wconf 82' lang='lat'>&#39;</span> <span class='ocrx_word' id='word_1_196' title='bbox 401 3896 563 3960; x_wconf 71' lang='lat' dir='ltr'>Macistus.</span> <span class='ocrx_word' id='word_1_197' title='bbox 588 3894 667 3976; x_wconf 74' lang='lat' dir='ltr'>Quis</span> <span class='ocrx_word' id='word_1_198' title='bbox 689 3894 785 3958; x_wconf 84' lang='lat' dir='ltr'>fuerit</span> <span class='ocrx_word' id='word_1_199' title='bbox 807 3894 866 3957; x_wconf 88' lang='lat' dir='ltr'>fide</span> <span class='ocrx_word' id='word_1_200' title='bbox 890 3899 920 3957; x_wconf 89' lang='lat' dir='ltr'>ct</span> <span class='ocrx_word' id='word_1_201' title='bbox 943 3892 1125 3958; x_wconf 85' lang='lat' dir='ltr'>auctoritate</span> <span class='ocrx_word' id='word_1_202' title='bbox 1148 3893 1263 3980; x_wconf 82' lang='lat' dir='ltr'>dignus</span> <span class='ocrx_word' id='word_1_203' title='bbox 1291 3897 1405 3982; x_wconf 90' lang='lat' dir='ltr'>episto·</span> 
     </span>
     <span class='ocr_line' id='line_1_30' title="bbox 355 3994 1404 4085; baseline 0.003 -26"><span class='ocrx_word' id='word_1_204' title='bbox 355 3994 403 4060; x_wconf 88' lang='lat' dir='ltr'>lac</span> <span class='ocrx_word' id='word_1_205' title='bbox 425 3994 517 4079; x_wconf 88' lang='lat' dir='ltr'>hujus</span> <span class='ocrx_word' id='word_1_206' title='bbox 539 3995 705 4080; x_wconf 85' lang='lat' dir='ltr'>interpres,</span> <span class='ocrx_word' id='word_1_207' title='bbox 729 3994 783 4079; x_wconf 90' lang='lat' dir='ltr'>qui</span> <span class='ocrx_word' id='word_1_208' title='bbox 806 4016 871 4059; x_wconf 87' lang='lat' dir='ltr'>cam</span> <span class='ocrx_word' id='word_1_209' title='bbox 894 4015 931 4056; x_wconf 85' lang='lat' dir='ltr'>ex</span> <span class='ocrx_word' id='word_1_210' title='bbox 953 4013 1083 4076; x_wconf 87' lang='lat' dir='ltr'>persona</span> <span class='ocrx_word' id='word_1_211' title='bbox 1106 3995 1238 4060; x_wconf 90' lang='lat' dir='ltr'>Honorii</span> <span class='ocrx_word' id='word_1_212' title='bbox 1259 3998 1404 4085; x_wconf 85' lang='lat' dir='ltr'>scripsit,</span> 
     </span>
     <span class='ocr_line' id='line_1_31' title="bbox 341 4091 1404 4180; baseline 0.006 -22"><span class='ocrx_word' id='word_1_213' title='bbox 341 4094 457 4165; x_wconf 59' lang='lat' dir='ltr'>,adhuc</span> <span class='ocrx_word' id='word_1_214' title='bbox 497 4101 665 4180; x_wconf 86' lang='lat' dir='ltr'>superstes,</span> <span class='ocrx_word' id='word_1_215' title='bbox 705 4102 736 4160; x_wconf 88' lang='lat' dir='ltr'>st</span> <span class='ocrx_word' id='word_1_216' title='bbox 770 4094 825 4178; x_wconf 91' lang='lat' dir='ltr'>qui</span> <span class='ocrx_word' id='word_1_217' title='bbox 857 4098 958 4158; x_wconf 82' lang='lat' dir='ltr'>totum</span> <span class='ocrx_word' id='word_1_218' title='bbox 993 4091 1190 4162; x_wconf 85' lang='lat' dir='ltr'>Occidentem</span> <span class='ocrx_word' id='word_1_219' title='bbox 1223 4121 1294 4164; x_wconf 87' lang='lat' dir='ltr'>cum</span> <span class='ocrx_word' id='word_1_220' title='bbox 1331 4099 1404 4164; x_wconf 87' lang='lat' dir='ltr'>aliis</span> 
     </span>
     <span class='ocr_line' id='line_1_32' title="bbox 355 4193 1403 4280; baseline 0.005 -22"><span class='ocrx_word' id='word_1_221' title='bbox 355 4194 523 4260; x_wconf 85' lang='lat' dir='ltr'>virtutibus</span> <span class='ocrx_word' id='word_1_222' title='bbox 560 4202 628 4260; x_wconf 87' lang='lat' dir='ltr'>tum</span> <span class='ocrx_word' id='word_1_223' title='bbox 662 4195 856 4280; x_wconf 84' lang='lat' dir='ltr'>dogmatibus</span> <span class='ocrx_word' id='word_1_224' title='bbox 886 4193 956 4260; x_wconf 86' lang='lat' dir='ltr'>fidei</span> <span class='ocrx_word' id='word_1_225' title='bbox 988 4193 1179 4262; x_wconf 83' lang='lat' dir='ltr'>Christianae</span> <span class='ocrx_word' id='word_1_226' title='bbox 1213 4199 1386 4265; x_wconf 81' lang='lat' dir='ltr'>illustrarit</span> <span class='ocrx_word' id='word_1_227' title='bbox 1393 4226 1403 4278; x_wconf 83' lang='lat'><em>3</em></span> 
     </span>
    </p>
   </div>
   <div class='ocr_carea' id='block_1_15' title="bbox 0 2420 1412 4994">
    <p class='ocr_par' dir='ltr' id='par_1_16' title="bbox 0 2420 1412 4994">
     <span class='ocr_line' id='line_1_33' title="bbox 0 2420 1412 4994; baseline 0 0"><span class='ocrx_word' id='word_1_228' title='bbox 0 2420 1412 4994; x_wconf 95' lang='lat' dir='ltr'> </span> 
     </span>
    </p>
   </div>
   <div class='ocr_carea' id='block_1_16' title="bbox 1561 2422 1574 4992">
    <p class='ocr_par' dir='ltr' id='par_1_17' title="bbox 1561 2422 1574 4992">
     <span class='ocr_line' id='line_1_34' title="bbox 1561 2422 1574 4992; baseline 0 0"><span class='ocrx_word' id='word_1_229' title='bbox 1561 2422 1574 4992; x_wconf 95' lang='lat' dir='ltr'> </span> 
     </span>
    </p>
   </div>
   <div class='ocr_carea' id='block_1_17' title="bbox 1500 3279 1509 3299">
    <p class='ocr_par' dir='ltr' id='par_1_18' title="bbox 1500 3279 1509 3299">
     <span class='ocr_line' id='line_1_35' title="bbox 1500 3279 1509 3299; baseline 0 0"><span class='ocrx_word' id='word_1_230' title='bbox 1500 3279 1509 3299; x_wconf 62' lang='grc' dir='ltr'>Ο</span> 
     </span>
    </p>
   </div>
  </div>
 </body>
</html>
