<?xml version="1.0" encoding="UTF-8"?>
<!DOCTYPE html PUBLIC "-//W3C//DTD XHTML 1.0 Transitional//EN"
    "http://www.w3.org/TR/xhtml1/DTD/xhtml1-transitional.dtd">
<html xmlns="http://www.w3.org/1999/xhtml" xml:lang="en" lang="en">
 <head>
  <title>
</title>
<meta http-equiv="Content-Type" content="text/html;charset=utf-8" />
  <meta name='ocr-system' content='tesseract 3.04.00' />
  <meta name='ocr-capabilities' content='ocr_page ocr_carea ocr_par ocr_line ocrx_word'/>
</head>
<body>
  <div class='ocr_page' id='page_1' title='image "./dehonoriipapaee00bottgoog_0120.png"; bbox 0 0 3092 5000; ppageno 0'>
   <div class='ocr_carea' id='block_1_1' title="bbox 834 441 904 516">
    <p class='ocr_par' dir='ltr' id='par_1_1' title="bbox 834 441 904 516">
     <span class='ocr_line' id='line_1_1' title="bbox 834 441 904 516; baseline -0.029 0"><span class='ocrx_word' id='word_1_1' title='bbox 834 441 904 516; x_wconf 87' lang='grc'>110</span> 
     </span>
    </p>
   </div>
   <div class='ocr_carea' id='block_1_2' title="bbox 343 617 1391 2729">
    <p class='ocr_par' dir='ltr' id='par_1_2' title="bbox 343 617 1391 2729">
     <span class='ocr_line' id='line_1_2' title="bbox 346 617 1391 708; baseline -0.001 -21"><span class='ocrx_word' id='word_1_2' title='bbox 346 627 377 687; x_wconf 90' lang='grc'>11</span> <span class='ocrx_word' id='word_1_3' title='bbox 411 620 580 708; x_wconf 82' lang='lat' dir='ltr'>praefatum</span> <span class='ocrx_word' id='word_1_4' title='bbox 613 619 785 684; x_wconf 90' lang='lat' dir='ltr'>Macarium</span> <span class='ocrx_word' id='word_1_5' title='bbox 818 621 856 686; x_wconf 90' lang='lat' dir='ltr'>de</span> <span class='ocrx_word' id='word_1_6' title='bbox 889 620 963 698; x_wconf 88' lang='lat' dir='ltr'>fida,</span> <span class='ocrx_word' id='word_1_7' title='bbox 994 619 1135 684; x_wconf 89' lang='lat' dir='ltr'>tulerunt</span> <span class='ocrx_word' id='word_1_8' title='bbox 1164 619 1251 706; x_wconf 89' lang='lat' dir='ltr'>paria</span> <span class='ocrx_word' id='word_1_9' title='bbox 1272 617 1391 686; x_wconf 87' lang='lat' dir='ltr'>libello·</span> 
     </span>
     <span class='ocr_line' id='line_1_3' title="bbox 345 721 1391 808; baseline 0.002 -22"><span class='ocrx_word' id='word_1_10' title='bbox 345 745 431 801; x_wconf 92' lang='lat' dir='ltr'>rum,</span> <span class='ocrx_word' id='word_1_11' title='bbox 467 723 521 807; x_wconf 88' lang='lat' dir='ltr'>qui</span> <span class='ocrx_word' id='word_1_12' title='bbox 555 721 702 786; x_wconf 90' lang='lat' dir='ltr'>dicuntur</span> <span class='ocrx_word' id='word_1_13' title='bbox 723 721 851 808; x_wconf 78' lang='lat' dir='ltr'>vigilii,</span> <span class='ocrx_word' id='word_1_14' title='bbox 875 724 912 786; x_wconf 82' lang='lat' dir='ltr'>de</span> <span class='ocrx_word' id='word_1_15' title='bbox 923 723 1129 805; x_wconf 77' lang='lat' dir='ltr'>patriarchio,</span> <span class='ocrx_word' id='word_1_16' title='bbox 1152 722 1229 787; x_wconf 80' lang='grc'><strong>11111</strong></span> <span class='ocrx_word' id='word_1_17' title='bbox 1251 724 1391 788; x_wconf 79' lang='lat' dir='ltr'>dicarant</span> 
     </span>
     <span class='ocr_line' id='line_1_4' title="bbox 346 823 1390 909; baseline -0.002 -20"><span class='ocrx_word' id='word_1_18' title='bbox 346 826 502 889; x_wconf 71' lang='lat' dir='ltr'>Macestus</span> <span class='ocrx_word' id='word_1_19' title='bbox 535 832 564 889; x_wconf 82' lang='lat' dir='ltr'>ct</span> <span class='ocrx_word' id='word_1_20' title='bbox 588 825 768 906; x_wconf 67' lang='lat' dir='ltr'>statana,</span> <span class='ocrx_word' id='word_1_21' title='bbox 792 829 823 888; x_wconf 91' lang='lat' dir='ltr'>et</span> <span class='ocrx_word' id='word_1_22' title='bbox 846 823 1022 909; x_wconf 83' lang='lat' dir='ltr'>scripsimus</span> <span class='ocrx_word' id='word_1_23' title='bbox 1043 823 1078 887; x_wconf 90' lang='lat' dir='ltr'>in</span> <span class='ocrx_word' id='word_1_24' title='bbox 1101 823 1334 906; x_wconf 83' lang='lat' dir='ltr'>quaterniones,</span> <span class='ocrx_word' id='word_1_25' title='bbox 1358 829 1390 888; x_wconf 91' lang='lat' dir='ltr'>et</span> 
     </span>
     <span class='ocr_line' id='line_1_5' title="bbox 346 923 1390 1010; baseline -0.001 -20"><span class='ocrx_word' id='word_1_26' title='bbox 346 924 443 990; x_wconf 89' lang='lat' dir='ltr'>oblati</span> <span class='ocrx_word' id='word_1_27' title='bbox 465 932 539 989; x_wconf 89' lang='lat' dir='ltr'>suut</span> <span class='ocrx_word' id='word_1_28' title='bbox 562 923 600 989; x_wconf 90' lang='lat' dir='ltr'>ab</span> <span class='ocrx_word' id='word_1_29' title='bbox 624 925 668 989; x_wconf 90' lang='lat' dir='ltr'>eis</span> <span class='ocrx_word' id='word_1_30' title='bbox 690 924 827 1009; x_wconf 88' lang='lat' dir='ltr'>piissimo</span> <span class='ocrx_word' id='word_1_31' title='bbox 850 931 956 989; x_wconf 87' lang='lat' dir='ltr'>nostro</span> <span class='ocrx_word' id='word_1_32' title='bbox 967 924 1109 1010; x_wconf 90' lang='lat' dir='ltr'>principi.</span> <span class='ocrx_word' id='word_1_33' title='bbox 1137 925 1390 1010; x_wconf 88' lang='lat' dir='ltr'>Praesumptione</span> 
     </span>
     <span class='ocr_line' id='line_1_6' title="bbox 345 1023 1388 1110; baseline -0.001 -20"><span class='ocrx_word' id='word_1_34' title='bbox 345 1033 450 1090; x_wconf 91' lang='lat' dir='ltr'>autem</span> <span class='ocrx_word' id='word_1_35' title='bbox 483 1032 621 1110; x_wconf 84' lang='lat' dir='ltr'>accepto,</span> <span class='ocrx_word' id='word_1_36' title='bbox 638 1025 700 1110; x_wconf 90' lang='lat' dir='ltr'>qui</span> <span class='ocrx_word' id='word_1_37' title='bbox 721 1031 808 1090; x_wconf 90' lang='lat' dir='ltr'>erant</span> <span class='ocrx_word' id='word_1_38' title='bbox 831 1025 909 1102; x_wconf 83' lang='lat' dir='ltr'>circa</span> <span class='ocrx_word' id='word_1_39' title='bbox 932 1025 1121 1110; x_wconf 76' lang='lat' dir='ltr'><strong>Stephanum</strong></span> <span class='ocrx_word' id='word_1_40' title='bbox 1145 1032 1176 1090; x_wconf 91' lang='lat' dir='ltr'>et</span> <span class='ocrx_word' id='word_1_41' title='bbox 1200 1023 1388 1103; x_wconf 86' lang='lat' dir='ltr'>Macarium,</span> 
     </span>
     <span class='ocr_line' id='line_1_7' title="bbox 345 1125 1391 1212; baseline -0.002 -21"><span class='ocrx_word' id='word_1_42' title='bbox 345 1134 454 1212; x_wconf 84' lang='lat' dir='ltr'>utpote</span> <span class='ocrx_word' id='word_1_43' title='bbox 483 1127 538 1211; x_wconf 94' lang='lat' dir='ltr'>qui</span> <span class='ocrx_word' id='word_1_44' title='bbox 568 1126 743 1192; x_wconf 87' lang='lat' dir='ltr'>obtulerant</span> <span class='ocrx_word' id='word_1_45' title='bbox 764 1125 898 1212; x_wconf 86' lang='lat' dir='ltr'>principi</span> <span class='ocrx_word' id='word_1_46' title='bbox 921 1128 1043 1192; x_wconf 89' lang='lat' dir='ltr'>eosdem</span> <span class='ocrx_word' id='word_1_47' title='bbox 1067 1127 1299 1210; x_wconf 78' lang='lat' dir='ltr'>quaterniones,</span> <span class='ocrx_word' id='word_1_48' title='bbox 1324 1126 1391 1190; x_wconf 91' lang='lat' dir='ltr'>uni-</span> 
     </span>
     <span class='ocr_line' id='line_1_8' title="bbox 346 1227 1390 1313; baseline -0.003 -19"><span class='ocrx_word' id='word_1_49' title='bbox 346 1229 456 1312; x_wconf 92' lang='lat' dir='ltr'>cuique</span> <span class='ocrx_word' id='word_1_50' title='bbox 480 1230 519 1294; x_wconf 92' lang='lat' dir='ltr'>ad</span> <span class='ocrx_word' id='word_1_51' title='bbox 543 1253 593 1294; x_wconf 90' lang='lat' dir='ltr'>eos</span> <span class='ocrx_word' id='word_1_52' title='bbox 615 1227 750 1294; x_wconf 83' lang='lat' dir='ltr'>venienti</span> <span class='ocrx_word' id='word_1_53' title='bbox 773 1227 995 1294; x_wconf 76' lang='lat' dir='ltr'>monstrabant.</span> <span class='ocrx_word' id='word_1_54' title='bbox 1020 1229 1128 1294; x_wconf 75' lang='lat' dir='ltr'>⁴Idem</span> <span class='ocrx_word' id='word_1_55' title='bbox 1144 1251 1214 1294; x_wconf 83' lang='lat' dir='ltr'>vero</span> <span class='ocrx_word' id='word_1_56' title='bbox 1225 1229 1390 1313; x_wconf 90' lang='lat' dir='ltr'>Philippus</span> 
     </span>
     <span class='ocr_line' id='line_1_9' title="bbox 344 1329 1389 1414; baseline -0.001 -20"><span class='ocrx_word' id='word_1_57' title='bbox 344 1329 455 1395; x_wconf 92' lang='lat' dir='ltr'>habuit</span> <span class='ocrx_word' id='word_1_58' title='bbox 496 1331 580 1394; x_wconf 92' lang='lat' dir='ltr'>hunc</span> <span class='ocrx_word' id='word_1_59' title='bbox 619 1329 735 1395; x_wconf 90' lang='lat' dir='ltr'>librum</span> <span class='ocrx_word' id='word_1_60' title='bbox 782 1335 813 1394; x_wconf 91' lang='lat' dir='ltr'>et</span> <span class='ocrx_word' id='word_1_61' title='bbox 854 1330 985 1394; x_wconf 90' lang='lat' dir='ltr'>adduxit</span> <span class='ocrx_word' id='word_1_62' title='bbox 1028 1352 1097 1395; x_wconf 88' lang='lat' dir='ltr'>eum</span> <span class='ocrx_word' id='word_1_63' title='bbox 1132 1331 1171 1394; x_wconf 91' lang='lat' dir='ltr'>ad</span> <span class='ocrx_word' id='word_1_64' title='bbox 1212 1333 1389 1414; x_wconf 77' lang='lat' dir='ltr'>Stephanum</span> 
     </span>
     <span class='ocr_line' id='line_1_10' title="bbox 345 1431 1388 1514; baseline 0.002 -20"><span class='ocrx_word' id='word_1_65' title='bbox 345 1431 549 1508; x_wconf 90' lang='lat' dir='ltr'>haereticum,</span> <span class='ocrx_word' id='word_1_66' title='bbox 572 1437 610 1495; x_wconf 91' lang='lat' dir='ltr'>ut</span> <span class='ocrx_word' id='word_1_67' title='bbox 631 1453 702 1494; x_wconf 89' lang='lat' dir='ltr'>eum</span> <span class='ocrx_word' id='word_1_68' title='bbox 725 1431 940 1509; x_wconf 83' lang='lat' dir='ltr'>consideraret,</span> <span class='ocrx_word' id='word_1_69' title='bbox 965 1431 1088 1495; x_wconf 85' lang='lat' dir='ltr'>dicens:</span> <span class='ocrx_word' id='word_1_70' title='bbox 1136 1431 1239 1514; x_wconf 78' lang='lat' dir='ltr'>„Quia</span> <span class='ocrx_word' id='word_1_71' title='bbox 1261 1432 1388 1496; x_wconf 85' lang='lat' dir='ltr'>veniens</span> 
     </span>
     <span class='ocr_line' id='line_1_11' title="bbox 345 1531 1389 1615; baseline 0 -20"><span class='ocrx_word' id='word_1_72' title='bbox 345 1534 405 1612; x_wconf 92' lang='lat' dir='ltr'>„de</span> <span class='ocrx_word' id='word_1_73' title='bbox 440 1533 606 1597; x_wconf 89' lang='lat' dir='ltr'>Occidente</span> <span class='ocrx_word' id='word_1_74' title='bbox 639 1532 756 1595; x_wconf 90' lang='lat' dir='ltr'>adduxi</span> <span class='ocrx_word' id='word_1_75' title='bbox 785 1531 900 1597; x_wconf 91' lang='lat' dir='ltr'>librum</span> <span class='ocrx_word' id='word_1_76' title='bbox 923 1532 1026 1615; x_wconf 92' lang='lat' dir='ltr'>quinti</span> <span class='ocrx_word' id='word_1_77' title='bbox 1048 1532 1196 1609; x_wconf 85' lang='lat' dir='ltr'>Consilii,</span> <span class='ocrx_word' id='word_1_78' title='bbox 1220 1538 1251 1596; x_wconf 92' lang='lat' dir='ltr'>et</span> <span class='ocrx_word' id='word_1_79' title='bbox 1272 1533 1342 1597; x_wconf 89' lang='lat' dir='ltr'>vide</span> <span class='ocrx_word' id='word_1_80' title='bbox 1364 1532 1389 1596; x_wconf 92' lang='lat' dir='ltr'>si</span> 
     </span>
     <span class='ocr_line' id='line_1_12' title="bbox 345 1631 1389 1716; baseline -0.002 -18"><span class='ocrx_word' id='word_1_81' title='bbox 345 1634 444 1713; x_wconf 88' lang='lat' dir='ltr'>„bene</span> <span class='ocrx_word' id='word_1_82' title='bbox 476 1631 601 1698; x_wconf 86' lang='lat' dir='ltr'>habet.’&#39;</span> <span class='ocrx_word' id='word_1_83' title='bbox 647 1632 730 1697; x_wconf 91' lang='lat' dir='ltr'>Nam</span> <span class='ocrx_word' id='word_1_84' title='bbox 763 1633 814 1697; x_wconf 88' lang='lat' dir='ltr'>bic</span> <span class='ocrx_word' id='word_1_85' title='bbox 836 1634 931 1698; x_wconf 84' lang='lat' dir='ltr'>codex</span> <span class='ocrx_word' id='word_1_86' title='bbox 953 1655 1017 1697; x_wconf 90' lang='lat' dir='ltr'>non</span> <span class='ocrx_word' id='word_1_87' title='bbox 1039 1633 1149 1697; x_wconf 90' lang='lat' dir='ltr'>habuit</span> <span class='ocrx_word' id='word_1_88' title='bbox 1170 1632 1309 1711; x_wconf 88' lang='lat' dir='ltr'>libellos,</span> <span class='ocrx_word' id='word_1_89' title='bbox 1335 1634 1389 1716; x_wconf 94' lang='lat' dir='ltr'>qui</span> 
     </span>
     <span class='ocr_line' id='line_1_13' title="bbox 345 1734 1389 1819; baseline 0.001 -22"><span class='ocrx_word' id='word_1_90' title='bbox 345 1735 489 1799; x_wconf 87' lang='lat' dir='ltr'>dicuntur</span> <span class='ocrx_word' id='word_1_91' title='bbox 510 1734 631 1819; x_wconf 87' lang='lat' dir='ltr'>Vigilii.</span> <span class='ocrx_word' id='word_1_92' title='bbox 676 1734 718 1798; x_wconf 86' lang='lat' dir='ltr'>Et</span> <span class='ocrx_word' id='word_1_93' title='bbox 740 1734 820 1797; x_wconf 83' lang='lat' dir='ltr'>dixit</span> <span class='ocrx_word' id='word_1_94' title='bbox 843 1734 871 1799; x_wconf 90' lang='lat' dir='ltr'>ei</span> <span class='ocrx_word' id='word_1_95' title='bbox 894 1734 1067 1818; x_wconf 83' lang='lat' dir='ltr'>Stephanus</span> <span class='ocrx_word' id='word_1_96' title='bbox 1089 1734 1274 1799; x_wconf 89' lang='lat' dir='ltr'>haereticus:</span> <span class='ocrx_word' id='word_1_97' title='bbox 1323 1734 1389 1817; x_wconf 89' lang='lat' dir='ltr'>„Ut</span> 
     </span>
     <span class='ocr_line' id='line_1_14' title="bbox 344 1834 1388 1920; baseline 0.001 -22"><span class='ocrx_word' id='word_1_98' title='bbox 344 1836 444 1915; x_wconf 88' lang='lat' dir='ltr'>„scias</span> <span class='ocrx_word' id='word_1_99' title='bbox 451 1885 460 1914; x_wconf 92' lang='lat'>,</span> <span class='ocrx_word' id='word_1_100' title='bbox 495 1835 568 1919; x_wconf 89' lang='lat' dir='ltr'>quia</span> <span class='ocrx_word' id='word_1_101' title='bbox 591 1835 693 1898; x_wconf 88' lang='lat' dir='ltr'>minus</span> <span class='ocrx_word' id='word_1_102' title='bbox 714 1834 838 1900; x_wconf 84' lang='lat' dir='ltr'>habet.’&#39;</span> <span class='ocrx_word' id='word_1_103' title='bbox 883 1835 971 1899; x_wconf 84' lang='lat' dir='ltr'>Idem</span> <span class='ocrx_word' id='word_1_104' title='bbox 995 1857 1065 1920; x_wconf 82' lang='lat' dir='ltr'>ergo</span> <span class='ocrx_word' id='word_1_105' title='bbox 1088 1835 1251 1920; x_wconf 88' lang='lat' dir='ltr'>Philippus</span> <span class='ocrx_word' id='word_1_106' title='bbox 1269 1835 1388 1920; x_wconf 85' lang='lat' dir='ltr'>rogavit</span> 
     </span>
     <span class='ocr_line' id='line_1_15' title="bbox 345 1934 1388 2021; baseline -0.001 -19"><span class='ocrx_word' id='word_1_107' title='bbox 345 1959 434 2014; x_wconf 91' lang='lat' dir='ltr'>eum,</span> <span class='ocrx_word' id='word_1_108' title='bbox 458 1937 579 2001; x_wconf 92' lang='lat' dir='ltr'>diceus:</span> <span class='ocrx_word' id='word_1_109' title='bbox 625 1936 680 2014; x_wconf 83' lang='lat' dir='ltr'>„si</span> <span class='ocrx_word' id='word_1_110' title='bbox 703 1937 786 2019; x_wconf 95' lang='lat' dir='ltr'>quod</span> <span class='ocrx_word' id='word_1_111' title='bbox 809 1936 866 2000; x_wconf 91' lang='lat' dir='ltr'>scis</span> <span class='ocrx_word' id='word_1_112' title='bbox 890 1935 961 2019; x_wconf 90' lang='lat' dir='ltr'>quia</span> <span class='ocrx_word' id='word_1_113' title='bbox 984 1937 1085 2014; x_wconf 91' lang='lat' dir='ltr'>deest,</span> <span class='ocrx_word' id='word_1_114' title='bbox 1109 1934 1235 2021; x_wconf 86' lang='lat' dir='ltr'>imple.”</span> <span class='ocrx_word' id='word_1_115' title='bbox 1270 1937 1312 2000; x_wconf 83' lang='grc'>111</span> <span class='ocrx_word' id='word_1_116' title='bbox 1323 1937 1388 2021; x_wconf 88' lang='lat' dir='ltr'>ipse</span> 
     </span>
     <span class='ocr_line' id='line_1_16' title="bbox 345 2036 1388 2124; baseline -0.002 -21"><span class='ocrx_word' id='word_1_117' title='bbox 345 2039 517 2124; x_wconf 84' lang='lat' dir='ltr'>Stephanus</span> <span class='ocrx_word' id='word_1_118' title='bbox 552 2037 633 2100; x_wconf 84' lang='lat' dir='ltr'>dixit</span> <span class='ocrx_word' id='word_1_119' title='bbox 667 2037 760 2114; x_wconf 91' lang='lat' dir='ltr'>mihi,</span> <span class='ocrx_word' id='word_1_120' title='bbox 784 2044 820 2101; x_wconf 92' lang='lat' dir='ltr'>ut</span> <span class='ocrx_word' id='word_1_121' title='bbox 843 2037 1003 2101; x_wconf 91' lang='lat' dir='ltr'>scriberem</span> <span class='ocrx_word' id='word_1_122' title='bbox 1025 2038 1146 2102; x_wconf 88' lang='lat' dir='ltr'>eosdem</span> <span class='ocrx_word' id='word_1_123' title='bbox 1168 2036 1300 2105; x_wconf 85' lang='lat' dir='ltr'>libellos.</span> <span class='ocrx_word' id='word_1_124' title='bbox 1347 2039 1388 2101; x_wconf 81' lang='lat' dir='ltr'>Et</span> 
     </span>
     <span class='ocr_line' id='line_1_17' title="bbox 344 2137 1387 2224; baseline -0.002 -20"><span class='ocrx_word' id='word_1_125' title='bbox 344 2139 452 2224; x_wconf 90' lang='lat' dir='ltr'>scripsi</span> <span class='ocrx_word' id='word_1_126' title='bbox 463 2141 501 2204; x_wconf 93' lang='lat' dir='ltr'>de</span> <span class='ocrx_word' id='word_1_127' title='bbox 512 2137 686 2203; x_wconf 89' lang='lat' dir='ltr'>memoratis</span> <span class='ocrx_word' id='word_1_128' title='bbox 697 2137 919 2223; x_wconf 86' lang='lat' dir='ltr'>exemplaribus</span> <span class='ocrx_word' id='word_1_129' title='bbox 931 2146 962 2202; x_wconf 94' lang='lat' dir='ltr'>et</span> <span class='ocrx_word' id='word_1_130' title='bbox 973 2139 1044 2202; x_wconf 94' lang='lat' dir='ltr'>dedi</span> <span class='ocrx_word' id='word_1_131' title='bbox 1053 2139 1151 2202; x_wconf 92' lang='lat' dir='ltr'>eidem</span> <span class='ocrx_word' id='word_1_132' title='bbox 1160 2139 1325 2223; x_wconf 85' lang='lat' dir='ltr'>Stephano.</span> <span class='ocrx_word' id='word_1_133' title='bbox 1346 2140 1387 2202; x_wconf 83' lang='lat' dir='ltr'>Et</span> 
     </span>
     <span class='ocr_line' id='line_1_18' title="bbox 343 2240 1386 2325; baseline 0.002 -21"><span class='ocrx_word' id='word_1_134' title='bbox 343 2241 378 2306; x_wconf 89' lang='grc'>111</span> <span class='ocrx_word' id='word_1_135' title='bbox 399 2241 526 2306; x_wconf 85' lang='lat' dir='ltr'>veritate</span> <span class='ocrx_word' id='word_1_136' title='bbox 547 2241 621 2304; x_wconf 89' lang='lat' dir='ltr'>haec</span> <span class='ocrx_word' id='word_1_137' title='bbox 644 2240 782 2324; x_wconf 89' lang='lat' dir='ltr'>propriae</span> <span class='ocrx_word' id='word_1_138' title='bbox 803 2262 910 2304; x_wconf 89' lang='lat' dir='ltr'>manus</span> <span class='ocrx_word' id='word_1_139' title='bbox 933 2262 1016 2304; x_wconf 88' lang='lat' dir='ltr'>meae</span> <span class='ocrx_word' id='word_1_140' title='bbox 1039 2247 1112 2304; x_wconf 90' lang='lat' dir='ltr'>sunt</span> <span class='ocrx_word' id='word_1_141' title='bbox 1135 2246 1164 2305; x_wconf 91' lang='lat' dir='ltr'>et</span> <span class='ocrx_word' id='word_1_142' title='bbox 1182 2263 1331 2325; x_wconf 87' lang='lat' dir='ltr'>cognosco</span> <span class='ocrx_word' id='word_1_143' title='bbox 1343 2263 1386 2306; x_wconf 83' lang='lat' dir='ltr'>ea.</span> 
     </span>
     <span class='ocr_line' id='line_1_19' title="bbox 344 2340 1388 2426; baseline -0.002 -20"><span class='ocrx_word' id='word_1_144' title='bbox 344 2343 419 2406; x_wconf 91' lang='lat' dir='ltr'>Non</span> <span class='ocrx_word' id='word_1_145' title='bbox 453 2342 553 2405; x_wconf 89' lang='lat' dir='ltr'>solum</span> <span class='ocrx_word' id='word_1_146' title='bbox 581 2347 682 2404; x_wconf 89' lang='lat' dir='ltr'>autem</span> <span class='ocrx_word' id='word_1_147' title='bbox 703 2341 737 2404; x_wconf 92' lang='lat' dir='ltr'>in</span> <span class='ocrx_word' id='word_1_148' title='bbox 760 2342 818 2405; x_wconf 91' lang='lat' dir='ltr'>hoc</span> <span class='ocrx_word' id='word_1_149' title='bbox 840 2340 920 2405; x_wconf 89' lang='lat' dir='ltr'>libro</span> <span class='ocrx_word' id='word_1_150' title='bbox 943 2341 1128 2405; x_wconf 91' lang='lat' dir='ltr'>addiderunt</span> <span class='ocrx_word' id='word_1_151' title='bbox 1150 2340 1243 2418; x_wconf 90' lang='lat' dir='ltr'>istos,</span> <span class='ocrx_word' id='word_1_152' title='bbox 1269 2342 1322 2426; x_wconf 93' lang='lat' dir='ltr'>qui</span> <span class='ocrx_word' id='word_1_153' title='bbox 1346 2342 1388 2404; x_wconf 89' lang='lat' dir='ltr'>di·</span> 
     </span>
     <span class='ocr_line' id='line_1_20' title="bbox 345 2441 1389 2526; baseline -0.002 -18"><span class='ocrx_word' id='word_1_154' title='bbox 345 2450 457 2508; x_wconf 90' lang='lat' dir='ltr'>cuntur</span> <span class='ocrx_word' id='word_1_155' title='bbox 479 2441 577 2506; x_wconf 87' lang='lat' dir='ltr'>libelli</span> <span class='ocrx_word' id='word_1_156' title='bbox 598 2441 725 2526; x_wconf 77' lang='lat' dir='ltr'>vigilii,</span> <span class='ocrx_word' id='word_1_157' title='bbox 750 2443 803 2507; x_wconf 92' lang='lat' dir='ltr'>sed</span> <span class='ocrx_word' id='word_1_158' title='bbox 827 2442 1065 2526; x_wconf 87' lang='lat' dir='ltr'>quanticumque</span> <span class='ocrx_word' id='word_1_159' title='bbox 1084 2442 1161 2506; x_wconf 77' lang='lat' dir='ltr'>iibri</span> <span class='ocrx_word' id='word_1_160' title='bbox 1184 2443 1287 2526; x_wconf 93' lang='lat' dir='ltr'>quinti</span> <span class='ocrx_word' id='word_1_161' title='bbox 1310 2443 1389 2507; x_wconf 87' lang='lat' dir='ltr'>Con-</span> 
     </span>
     <span class='ocr_line' id='line_1_21' title="bbox 345 2542 1387 2628; baseline 0 -20"><span class='ocrx_word' id='word_1_162' title='bbox 345 2545 409 2608; x_wconf 93' lang='lat' dir='ltr'>cilii</span> <span class='ocrx_word' id='word_1_163' title='bbox 432 2545 470 2608; x_wconf 91' lang='lat' dir='ltr'>ad</span> <span class='ocrx_word' id='word_1_164' title='bbox 491 2566 541 2608; x_wconf 91' lang='lat' dir='ltr'>eos</span> <span class='ocrx_word' id='word_1_165' title='bbox 563 2549 783 2628; x_wconf 89' lang='lat' dir='ltr'>pervenerunt,</span> <span class='ocrx_word' id='word_1_166' title='bbox 807 2566 871 2606; x_wconf 91' lang='lat' dir='ltr'>non</span> <span class='ocrx_word' id='word_1_167' title='bbox 892 2542 1039 2607; x_wconf 90' lang='lat' dir='ltr'>habentes</span> <span class='ocrx_word' id='word_1_168' title='bbox 1061 2542 1199 2620; x_wconf 88' lang='lat' dir='ltr'>libellos,</span> <span class='ocrx_word' id='word_1_169' title='bbox 1217 2544 1270 2626; x_wconf 94' lang='lat' dir='ltr'>qui</span> <span class='ocrx_word' id='word_1_170' title='bbox 1282 2544 1387 2608; x_wconf 90' lang='lat' dir='ltr'>dicun-</span> 
     </span>
     <span class='ocr_line' id='line_1_22' title="bbox 345 2643 1389 2729; baseline 0 -20"><span class='ocrx_word' id='word_1_171' title='bbox 345 2652 397 2709; x_wconf 93' lang='lat' dir='ltr'>tur</span> <span class='ocrx_word' id='word_1_172' title='bbox 418 2644 550 2729; x_wconf 81' lang='lat' dir='ltr'>Vigilii,</span> <span class='ocrx_word' id='word_1_173' title='bbox 574 2645 759 2708; x_wconf 90' lang='lat' dir='ltr'>addiderunt</span> <span class='ocrx_word' id='word_1_174' title='bbox 781 2643 876 2708; x_wconf 91' lang='lat' dir='ltr'>iidem</span> <span class='ocrx_word' id='word_1_175' title='bbox 899 2645 1055 2708; x_wconf 78' lang='lat' dir='ltr'>Macarius</span> <span class='ocrx_word' id='word_1_176' title='bbox 1077 2651 1108 2708; x_wconf 93' lang='lat' dir='ltr'>et</span> <span class='ocrx_word' id='word_1_177' title='bbox 1132 2647 1305 2727; x_wconf 75' lang='lat' dir='ltr'>Stqotaaas.</span> <span class='ocrx_word' id='word_1_178' title='bbox 1338 2645 1389 2709; x_wconf 90' lang='lat' dir='ltr'>In·</span> 
     </span>
    </p>
   </div>
   <div class='ocr_carea' id='block_1_3' title="bbox 217 2744 1388 2834">
    <p class='ocr_par' dir='ltr' id='par_1_3' title="bbox 217 2744 1388 2834">
     <span class='ocr_line' id='line_1_23' title="bbox 217 2744 1388 2834; baseline 0.002 -26"><span class='ocrx_word' id='word_1_179' title='bbox 217 2825 221 2834; x_wconf 27' lang='grc' dir='ltr'>ι</span> <span class='ocrx_word' id='word_1_180' title='bbox 346 2745 419 2809; x_wconf 91' lang='lat' dir='ltr'>cidit</span> <span class='ocrx_word' id='word_1_181' title='bbox 452 2751 555 2808; x_wconf 88' lang='lat' dir='ltr'>autem</span> <span class='ocrx_word' id='word_1_182' title='bbox 588 2745 631 2808; x_wconf 90' lang='lat' dir='ltr'>eis</span> <span class='ocrx_word' id='word_1_183' title='bbox 665 2751 697 2808; x_wconf 91' lang='lat' dir='ltr'>et</span> <span class='ocrx_word' id='word_1_184' title='bbox 730 2744 807 2808; x_wconf 88' lang='lat' dir='ltr'>alius</span> <span class='ocrx_word' id='word_1_185' title='bbox 841 2744 972 2809; x_wconf 90' lang='lat' dir='ltr'>Latinus</span> <span class='ocrx_word' id='word_1_186' title='bbox 996 2746 1091 2808; x_wconf 89' lang='lat' dir='ltr'>codex</span> <span class='ocrx_word' id='word_1_187' title='bbox 1114 2745 1217 2828; x_wconf 88' lang='lat' dir='ltr'>q&#39;uinti</span> <span class='ocrx_word' id='word_1_188' title='bbox 1240 2746 1388 2823; x_wconf 84' lang='lat' dir='ltr'>Consilii,</span> 
     </span>
    </p>
   </div>
   <div class='ocr_carea' id='block_1_4' title="bbox 344 2845 1390 4241">
    <p class='ocr_par' dir='ltr' id='par_1_4' title="bbox 344 2845 1389 3334">
     <span class='ocr_line' id='line_1_24' title="bbox 345 2845 1388 2932; baseline 0 -22"><span class='ocrx_word' id='word_1_189' title='bbox 345 2868 436 2929; x_wconf 89' lang='lat' dir='ltr'>quem</span> <span class='ocrx_word' id='word_1_190' title='bbox 469 2846 613 2909; x_wconf 90' lang='lat' dir='ltr'>dixerunt</span> <span class='ocrx_word' id='word_1_191' title='bbox 647 2868 699 2909; x_wconf 90' lang='lat' dir='ltr'>sex</span> <span class='ocrx_word' id='word_1_192' title='bbox 723 2845 827 2932; x_wconf 87' lang='lat' dir='ltr'>solidis</span> <span class='ocrx_word' id='word_1_193' title='bbox 851 2869 881 2910; x_wconf 91' lang='grc'>11</span> <span class='ocrx_word' id='word_1_194' title='bbox 905 2868 1091 2930; x_wconf 89' lang='lat' dir='ltr'>comparasse</span> <span class='ocrx_word' id='word_1_195' title='bbox 1115 2846 1152 2910; x_wconf 94' lang='lat' dir='ltr'>ab</span> <span class='ocrx_word' id='word_1_196' title='bbox 1176 2869 1286 2924; x_wconf 88' lang='lat' dir='ltr'>uxore,</span> <span class='ocrx_word' id='word_1_197' title='bbox 1313 2869 1388 2930; x_wconf 92' lang='lat' dir='ltr'>quae</span> 
     </span>
     <span class='ocr_line' id='line_1_25' title="bbox 344 2945 1387 3031; baseline 0.002 -21"><span class='ocrx_word' id='word_1_198' title='bbox 344 2947 405 3010; x_wconf 79' lang='lat' dir='ltr'>luit</span> <span class='ocrx_word' id='word_1_199' title='bbox 445 2947 599 3030; x_wconf 89' lang='lat' dir='ltr'>quondam</span> <span class='ocrx_word' id='word_1_200' title='bbox 634 2945 811 3010; x_wconf 79' lang='lat' dir='ltr'>innocentii</span> <span class='ocrx_word' id='word_1_201' title='bbox 844 2947 975 3031; x_wconf 88' lang='lat' dir='ltr'>patricii.</span> <span class='ocrx_word' id='word_1_202' title='bbox 1032 2946 1079 3011; x_wconf 93' lang='lat' dir='ltr'>De</span> <span class='ocrx_word' id='word_1_203' title='bbox 1114 2947 1248 3031; x_wconf 90' lang='lat' dir='ltr'>capitulo</span> <span class='ocrx_word' id='word_1_204' title='bbox 1283 2954 1387 3012; x_wconf 89' lang='lat' dir='ltr'>autem</span> 
     </span>
     <span class='ocr_line' id='line_1_26' title="bbox 344 3047 1389 3133; baseline -0.001 -19"><span class='ocrx_word' id='word_1_205' title='bbox 344 3049 479 3133; x_wconf 85' lang='lat' dir='ltr'>ejusdem</span> <span class='ocrx_word' id='word_1_206' title='bbox 502 3047 606 3111; x_wconf 88' lang='lat' dir='ltr'>Latini</span> <span class='ocrx_word' id='word_1_207' title='bbox 625 3047 697 3111; x_wconf 90' lang='lat' dir='ltr'>libri</span> <span class='ocrx_word' id='word_1_208' title='bbox 709 3047 873 3112; x_wconf 85' lang='lat' dir='ltr'>certissime</span> <span class='ocrx_word' id='word_1_209' title='bbox 885 3048 942 3112; x_wconf 89' lang='grc'><strong>1111</strong></span> <span class='ocrx_word' id='word_1_210' title='bbox 953 3047 1192 3125; x_wconf 82' lang='lat' dir='ltr'>Constantinus,</span> <span class='ocrx_word' id='word_1_211' title='bbox 1205 3050 1389 3113; x_wconf 85' lang='lat' dir='ltr'>reverendis·</span> 
     </span>
     <span class='ocr_line' id='line_1_27' title="bbox 345 3148 1389 3234; baseline 0 -20"><span class='ocrx_word' id='word_1_212' title='bbox 345 3151 441 3215; x_wconf 87' lang='lat' dir='ltr'>simus</span> <span class='ocrx_word' id='word_1_213' title='bbox 473 3148 631 3234; x_wconf 86' lang='lat' dir='ltr'>presbyter</span> <span class='ocrx_word' id='word_1_214' title='bbox 664 3149 756 3232; x_wconf 87' lang='lat' dir='ltr'>hujus</span> <span class='ocrx_word' id='word_1_215' title='bbox 787 3155 907 3214; x_wconf 85' lang='lat' dir='ltr'>sanctae</span> <span class='ocrx_word' id='word_1_216' title='bbox 939 3163 1066 3233; x_wconf 81' lang='lat' dir='ltr'>magnae</span> <span class='ocrx_word' id='word_1_217' title='bbox 1096 3148 1156 3212; x_wconf 88' lang='lat' dir='ltr'>Dei</span> <span class='ocrx_word' id='word_1_218' title='bbox 1187 3149 1329 3215; x_wconf 87' lang='lat' dir='ltr'>ecclesiae</span> <span class='ocrx_word' id='word_1_219' title='bbox 1359 3156 1389 3214; x_wconf 92' lang='lat' dir='ltr'>et</span> 
     </span>
     <span class='ocr_line' id='line_1_28' title="bbox 345 3249 724 3334; baseline 0 -20"><span class='ocrx_word' id='word_1_220' title='bbox 345 3251 475 3315; x_wconf 87' lang='lat' dir='ltr'>Latinus</span> <span class='ocrx_word' id='word_1_221' title='bbox 498 3249 724 3334; x_wconf 86' lang='lat' dir='ltr'>grammaticus.</span> 
     </span>
    </p>

    <p class='ocr_par' dir='ltr' id='par_1_5' title="bbox 345 3349 1390 3738">
     <span class='ocr_line' id='line_1_29' title="bbox 391 3349 1389 3435; baseline 0.001 -21"><span class='ocrx_word' id='word_1_222' title='bbox 391 3350 611 3415; x_wconf 83' lang='lat' dir='ltr'>Gloriosissimi</span> <span class='ocrx_word' id='word_1_223' title='bbox 632 3351 749 3435; x_wconf 89' lang='lat' dir='ltr'>judices</span> <span class='ocrx_word' id='word_1_224' title='bbox 773 3356 803 3414; x_wconf 89' lang='lat' dir='ltr'>et</span> <span class='ocrx_word' id='word_1_225' title='bbox 817 3356 921 3414; x_wconf 87' lang='lat' dir='ltr'>sancta</span> <span class='ocrx_word' id='word_1_226' title='bbox 937 3350 1079 3434; x_wconf 84' lang='lat' dir='ltr'>Synodus</span> <span class='ocrx_word' id='word_1_227' title='bbox 1093 3349 1255 3414; x_wconf 87' lang='lat' dir='ltr'>dixerunt:</span> <span class='ocrx_word' id='word_1_228' title='bbox 1279 3351 1389 3416; x_wconf 81' lang='lat' dir='ltr'>Edicat</span> 
     </span>
     <span class='ocr_line' id='line_1_30' title="bbox 346 3450 1390 3537; baseline 0.001 -21"><span class='ocrx_word' id='word_1_229' title='bbox 346 3473 487 3537; x_wconf 89' lang='lat' dir='ltr'>praesens</span> <span class='ocrx_word' id='word_1_230' title='bbox 506 3451 746 3529; x_wconf 85' lang='lat' dir='ltr'>Constantinus,</span> <span class='ocrx_word' id='word_1_231' title='bbox 770 3451 837 3514; x_wconf 92' lang='lat' dir='ltr'>Deo</span> <span class='ocrx_word' id='word_1_232' title='bbox 860 3450 998 3515; x_wconf 89' lang='lat' dir='ltr'>amabilis</span> <span class='ocrx_word' id='word_1_233' title='bbox 1021 3451 1178 3535; x_wconf 85' lang='lat' dir='ltr'>presbyter</span> <span class='ocrx_word' id='word_1_234' title='bbox 1202 3457 1231 3516; x_wconf 92' lang='lat' dir='ltr'>et</span> <span class='ocrx_word' id='word_1_235' title='bbox 1242 3473 1390 3537; x_wconf 84' lang='lat' dir='ltr'>gramma·</span> 
     </span>
     <span class='ocr_line' id='line_1_31' title="bbox 345 3551 1385 3637; baseline 0.001 -20"><span class='ocrx_word' id='word_1_236' title='bbox 345 3554 426 3618; x_wconf 84' lang='lat' dir='ltr'>ticus</span> <span class='ocrx_word' id='word_1_237' title='bbox 437 3552 584 3629; x_wconf 90' lang='lat' dir='ltr'>Latinus,</span> <span class='ocrx_word' id='word_1_238' title='bbox 598 3552 623 3614; x_wconf 87' lang='grc'>11</span> <span class='ocrx_word' id='word_1_239' title='bbox 634 3575 740 3617; x_wconf 87' lang='lat' dir='ltr'>verum</span> <span class='ocrx_word' id='word_1_240' title='bbox 760 3553 842 3615; x_wconf 88' lang='lat' dir='ltr'>dicat</span> <span class='ocrx_word' id='word_1_241' title='bbox 855 3552 1024 3636; x_wconf 81' lang='lat' dir='ltr'>Georgius,</span> <span class='ocrx_word' id='word_1_242' title='bbox 1036 3551 1196 3637; x_wconf 84' lang='lat' dir='ltr'>religiosus</span> <span class='ocrx_word' id='word_1_243' title='bbox 1208 3555 1385 3631; x_wconf 89' lang='lat' dir='ltr'>monachus,</span> 
     </span>
     <span class='ocr_line' id='line_1_32' title="bbox 347 3652 1144 3738; baseline 0 -20"><span class='ocrx_word' id='word_1_244' title='bbox 347 3657 385 3720; x_wconf 93' lang='lat' dir='ltr'>de</span> <span class='ocrx_word' id='word_1_245' title='bbox 406 3655 462 3718; x_wconf 91' lang='lat' dir='ltr'>illo</span> <span class='ocrx_word' id='word_1_246' title='bbox 485 3652 564 3718; x_wconf 93' lang='lat' dir='ltr'>libro</span> <span class='ocrx_word' id='word_1_247' title='bbox 588 3653 718 3731; x_wconf 88' lang='lat' dir='ltr'>Latino,</span> <span class='ocrx_word' id='word_1_248' title='bbox 742 3653 828 3738; x_wconf 89' lang='lat' dir='ltr'>cuy&#39;us</span> <span class='ocrx_word' id='word_1_249' title='bbox 851 3653 1039 3718; x_wconf 89' lang='lat' dir='ltr'>mentionem</span> <span class='ocrx_word' id='word_1_250' title='bbox 1061 3653 1144 3718; x_wconf 88' lang='lat' dir='ltr'>fecit.</span> 
     </span>
    </p>

    <p class='ocr_par' dir='ltr' id='par_1_6' title="bbox 347 3752 1390 4241">
     <span class='ocr_line' id='line_1_33' title="bbox 391 3752 1389 3839; baseline -0.001 -19"><span class='ocrx_word' id='word_1_251' title='bbox 391 3755 633 3833; x_wconf 82' lang='lat' dir='ltr'>Constantinus,</span> <span class='ocrx_word' id='word_1_252' title='bbox 668 3755 734 3819; x_wconf 92' lang='lat' dir='ltr'>Deo</span> <span class='ocrx_word' id='word_1_253' title='bbox 769 3753 909 3818; x_wconf 86' lang='lat' dir='ltr'>amabilis</span> <span class='ocrx_word' id='word_1_254' title='bbox 941 3752 1098 3838; x_wconf 83' lang='lat' dir='ltr'>presbyter</span> <span class='ocrx_word' id='word_1_255' title='bbox 1121 3760 1151 3818; x_wconf 91' lang='lat' dir='ltr'>et</span> <span class='ocrx_word' id='word_1_256' title='bbox 1174 3755 1389 3839; x_wconf 86' lang='lat' dir='ltr'>grammaticus</span> 
     </span>
     <span class='ocr_line' id='line_1_34' title="bbox 347 3852 1388 3940; baseline 0.001 -21"><span class='ocrx_word' id='word_1_257' title='bbox 347 3852 494 3933; x_wconf 90' lang='lat' dir='ltr'>Latinus,</span> <span class='ocrx_word' id='word_1_258' title='bbox 515 3855 614 3919; x_wconf 84' lang='lat' dir='ltr'>dixit:</span> <span class='ocrx_word' id='word_1_259' title='bbox 659 3855 745 3932; x_wconf 82' lang='lat' dir='ltr'>Scio,</span> <span class='ocrx_word' id='word_1_260' title='bbox 770 3854 908 3932; x_wconf 90' lang='lat' dir='ltr'>domine,</span> <span class='ocrx_word' id='word_1_261' title='bbox 932 3854 1119 3939; x_wconf 90' lang='lat' dir='ltr'>temporibus</span> <span class='ocrx_word' id='word_1_262' title='bbox 1143 3857 1388 3940; x_wconf 78' lang='lat' dir='ltr'>Paaltqaoadam</span> 
     </span>
     <span class='ocr_line' id='line_1_35' title="bbox 349 3954 1389 4040; baseline 0.001 -20"><span class='ocrx_word' id='word_1_263' title='bbox 349 3958 542 4020; x_wconf 80' lang='lat' dir='ltr'>Patriarstae</span> <span class='ocrx_word' id='word_1_264' title='bbox 564 3957 682 4020; x_wconf 88' lang='lat' dir='ltr'>venisse</span> <span class='ocrx_word' id='word_1_265' title='bbox 701 3956 902 4033; x_wconf 81' lang='lat' dir='ltr'>Fortunium,</span> <span class='ocrx_word' id='word_1_266' title='bbox 928 3955 981 4038; x_wconf 91' lang='lat' dir='ltr'>qui</span> <span class='ocrx_word' id='word_1_267' title='bbox 1003 3954 1064 4018; x_wconf 84' lang='lat' dir='ltr'>luit</span> <span class='ocrx_word' id='word_1_268' title='bbox 1086 3955 1255 4040; x_wconf 81' lang='lat' dir='ltr'>Episcopus</span> <span class='ocrx_word' id='word_1_269' title='bbox 1267 3957 1389 4021; x_wconf 81' lang='lat' dir='ltr'>Cartha</span> 
     </span>
     <span class='ocr_line' id='line_1_36' title="bbox 347 4055 1390 4144; baseline 0.004 -26"><span class='ocrx_word' id='word_1_270' title='bbox 347 4057 499 4142; x_wconf 84' lang='lat' dir='ltr'>ginensis,</span> <span class='ocrx_word' id='word_1_271' title='bbox 539 4063 570 4121; x_wconf 91' lang='lat' dir='ltr'>et</span> <span class='ocrx_word' id='word_1_272' title='bbox 600 4080 669 4122; x_wconf 92' lang='lat' dir='ltr'>cum</span> <span class='ocrx_word' id='word_1_273' title='bbox 705 4057 817 4121; x_wconf 88' lang='lat' dir='ltr'>Missas</span> <span class='ocrx_word' id='word_1_274' title='bbox 852 4063 974 4120; x_wconf 88' lang='lat' dir='ltr'>acturus</span> <span class='ocrx_word' id='word_1_275' title='bbox 998 4062 1075 4120; x_wconf 91' lang='lat' dir='ltr'>esset</span> <span class='ocrx_word' id='word_1_276' title='bbox 1096 4055 1132 4120; x_wconf 92' lang='lat' dir='ltr'>in</span> <span class='ocrx_word' id='word_1_277' title='bbox 1154 4064 1259 4121; x_wconf 89' lang='lat' dir='ltr'>sancta</span> <span class='ocrx_word' id='word_1_278' title='bbox 1282 4081 1390 4144; x_wconf 80' lang='lat' dir='ltr'>magna</span> 
     </span>
     <span class='ocr_line' id='line_1_37' title="bbox 348 4157 1385 4241; baseline 0.003 -19"><span class='ocrx_word' id='word_1_279' title='bbox 348 4157 407 4222; x_wconf 93' lang='lat' dir='ltr'>Dei</span> <span class='ocrx_word' id='word_1_280' title='bbox 440 4157 580 4235; x_wconf 88' lang='lat' dir='ltr'>ecclesia,</span> <span class='ocrx_word' id='word_1_281' title='bbox 618 4159 789 4241; x_wconf 87' lang='lat' dir='ltr'>quaesitum</span> <span class='ocrx_word' id='word_1_282' title='bbox 820 4164 883 4235; x_wconf 83' lang='lat' dir='ltr'>est,</span> <span class='ocrx_word' id='word_1_283' title='bbox 912 4158 1066 4241; x_wconf 91' lang='lat' dir='ltr'>quomodo</span> <span class='ocrx_word' id='word_1_284' title='bbox 1089 4159 1191 4223; x_wconf 88' lang='lat' dir='ltr'>sedere</span> <span class='ocrx_word' id='word_1_285' title='bbox 1214 4158 1385 4239; x_wconf 88' lang='lat' dir='ltr'>debuisset,</span> 
     </span>
    </p>
   </div>
   <div class='ocr_carea' id='block_1_5' title="bbox 0 0 1551 4996">
    <p class='ocr_par' dir='ltr' id='par_1_7' title="bbox 0 0 1551 4996">
     <span class='ocr_line' id='line_1_38' title="bbox 0 0 1551 4996; baseline 0 0"><span class='ocrx_word' id='word_1_286' title='bbox 0 0 1551 4996; x_wconf 95' lang='lat' dir='ltr'> </span> 
     </span>
    </p>
   </div>
  </div>
 </body>
</html>
