3096 4996
665 502 712 572 rt

209 677 300 741 Unde
334 681 454 762 oportet
476 676 652 761 hujusmodi
676 675 800 759 quidem
822 675 973 742 novitates
995 677 1141 764 abjicere,
1170 679 1207 744 in

161 777 349 864 perfectione
388 784 490 842 autem
524 784 719 855 naturarum,
754 799 831 861 quac
865 777 900 841 in
939 777 1062 843 Christo
1085 779 1151 844 Deo
1174 779 1208 844 in

160 880 283 945 unitate
305 879 478 957 salvantur,
502 885 534 944 et
555 878 742 943 naturalium
765 879 829 963 ejus
853 879 1047 944 voluntatum
1066 887 1097 945 11
1110 903 1210 966 opera·

162 981 285 1046 tionum
318 980 459 1045 roborare
492 979 812 1065 intransgressibiliter
846 980 973 1044 Patrum
1008 979 1209 1045 orthodoxam

162 1083 266 1148 fidem.
296 1081 433 1166 Ideoque
456 1081 549 1146 unius
561 1077 756 1166 ejusdemque
767 1081 860 1146 sicuti
871 1082 976 1145 unitas
987 1082 1063 1146 duas
1075 1089 1210 1161 naturas,

160 1183 208 1248 ita
242 1203 430 1268 consequens
464 1190 510 1247 est
544 1190 575 1248 et
611 1183 765 1248 naturales
799 1182 938 1247 confiteri
971 1183 1147 1248 voluntates
1180 1190 1210 1248 et

163 1284 372 1370 operationes,
396 1284 533 1348 divinam
557 1290 588 1349 et
610 1285 792 1362 humanam,
816 1285 855 1348 ad
871 1284 993 1369 plenam
1006 1284 1211 1350 ostensionem

163 1385 326 1469 utriusque
360 1385 426 1469 ejus
449 1392 576 1450 naturae
597 1406 683 1449 verae
705 1384 918 1471 perfectionis,
943 1392 1050 1470 utpote
1073 1385 1108 1450 in
1130 1392 1212 1450 utra·

164 1509 225 1571 que
251 1493 361 1551 natura
395 1485 514 1550 nullam
548 1486 785 1551 diminutionem
817 1487 949 1574 habente
980 1486 1150 1570 essentialis
1180 1493 1211 1552 11

162 1587 316 1652 naturalis
349 1586 561 1672 proprietatis,
591 1587 623 1650 id
659 1594 720 1665 est,
755 1587 925 1654 voluntatis
959 1595 990 1654 et
1016 1588 1211 1672 operationis.

163 1687 321 1771 Quoniam
348 1688 517 1773 proprietas
541 1688 690 1752 naturalis
713 1693 759 1753 est
782 1689 848 1754 sina
870 1688 966 1754 dubio
984 1696 1111 1754 naturae
1123 1696 1177 1754 nat
1201 1727 1212 1739 ·

160 1789 238 1854 ralis
272 1790 337 1874 ejus
370 1788 512 1854 voluntas
546 1796 577 1854 et
600 1789 753 1874 operatio,
778 1814 816 1854 ex
839 1790 951 1874 quibus
973 1790 1092 1855 firmius
1114 1791 1212 1855 saneti

162 1889 420 1955 Chalcedonensis
446 1889 578 1954 Ooncilii
605 1889 742 1954 stabilita
764 1898 810 1955 est
833 1891 990 1968 definitio,
1014 1891 1130 1956 Christi
1152 1891 1211 1956 Dei

161 1990 353 2055 indiminute
387 2012 567 2056 conservans
605 1991 801 2076 mysterium,
838 1991 1015 2076 quamilli,
1039 1991 1212 2076 dequibus

162 2098 242 2156 ante¹
260 2091 409 2169 diximus,
433 2093 587 2156 destruere
610 2098 814 2171 attentantes,
839 2099 870 2158 11
888 2092 974 2156 aliud
986 2091 1101 2156 malum
1113 2114 1212 2178 nuper

163 2191 425 2278 excogitaverunt.

210 2293 292 2357 Nam
324 2293 440 2357 Paulus
472 2292 832 2378 Constantinopolitanus
856 2293 952 2358 suasit
974 2291 1211 2358 clementissimo

161 2393 297 2482 principi
318 2399 424 2458 nostro
446 2402 545 2479 typam
565 2415 714 2479 exponere
739 2395 829 2472 fidei,
851 2394 884 2459 in
907 2416 969 2478 quo
991 2400 1066 2479 typo
1090 2399 1208 2458 sancto-

1 2545 2 2554 1
112 2499 115 2503 ’
161 2518 235 2562 rum
257 2496 385 2560 Patrum
408 2495 562 2560 doctrinas
579 2517 649 2559 cum
675 2495 962 2560 nefandissimorum
985 2493 1210 2559 haereticorum

161 2595 365 2683 pravitatibus
398 2595 541 2659 hmditus
573 2602 824 2681 amputaverunt,
849 2619 905 2661 nec
930 2618 1025 2660 unam
1052 2617 1109 2660 nec
1134 2595 1211 2657 duas

163 2695 274 2762 debere
297 2697 549 2761 voluntates-aut
572 2697 762 2782 operationes
785 2697 901 2762 Christi
915 2696 973 2762 Dei
984 2697 1212 2782 promulgantes

163 2797 339 2882 quempiam
362 2798 517 2862 confiteri:
540 2797 630 2862 facile
653 2797 697 2863 eis
720 2798 810 2863 licere
823 2798 1033 2875 credentibus,
1046 2796 1212 2882 aliquando

162 2898 292 2984 quidem
314 2921 422 2976 unam,
446 2898 613 2983 aliquando
637 2905 738 2964 autem
762 2921 818 2964 nec
844 2921 938 2963 unam
960 2898 993 2963 in
1013 2899 1213 2983 eodemprae

164 2999 283 3064 dicare:
307 3023 342 3064 ac
363 3022 417 3085 per
440 3000 500 3064 hoc
522 3007 577 3064 aut
599 3000 697 3064 Deum
711 3000 943 3076 tantummodo,
956 3005 1064 3084 utpote
1075 2997 1212 3063 divinam

55 3103 60 3110 ’
164 3102 399 3178 tantummodo,
435 3107 489 3164 aut
516 3102 676 3164 dumtaxat
699 3100 856 3165 hominem
878 3121 1007 3185 purum,
1026 3106 1135 3185 utpote
1156 3100 1213 3163 hu·

164 3224 290 3266 manum
322 3201 485 3266 habentem
507 3202 740 3266 tantummodo:
772 3208 827 3265 aut
848 3223 949 3284 neque
972 3199 1090 3277 Deum,
1111 3222 1211 3284 neque

164 3303 322 3368 hominem
356 3303 548 3385 eundemque
583 3309 765 3379 asserentes,
795 3307 902 3386 utpote
936 3322 1035 3384 neque
1059 3300 1210 3378 divinam,

165 3426 266 3488 neque
285 3404 451 3468 humanam
473 3402 638 3468 habentem
660 3402 851 3467 voluntatem
874 3408 905 3467 11
921 3401 1144 3487 operationem,
1158 3402 1210 3466 sed

164 3505 232 3570 sine
244 3505 403 3569 voluntate
414 3511 445 3569 et
457 3503 630 3589 operatione
641 3504 809 3568 secundum
822 3526 873 3568 eos
885 3502 1010 3566 omnino
1018 3501 1210 3566 existentem.

166 3607 260 3689 Quod
282 3607 390 3689 utique
412 3612 588 3669 sanctorum
609 3605 738 3668 Patrum
762 3610 793 3669 et
814 3603 961 3689 praedicti
974 3602 1071 3666 sancti
1090 3602 1213 3668 Chalce-

163 3707 308 3773 donensis
339 3706 472 3770 Concilii
498 3705 638 3770 definitio
662 3703 787 3769 omnino
812 3705 945 3790 recipere
967 3703 1123 3787 abnegat,
1139 3725 1212 3786 quo

164 3807 250 3872 niam
283 3806 393 3872 salvari
428 3806 534 3872 asserit
567 3805 728 3889 utriusque
756 3812 900 3882 naturae,
924 3827 960 3870 ex
985 3803 1097 3887 quibus
1120 3809 1151 3868 11
1173 3801 1211 3867 in
1290 3883 1297 3892 .

167 3907 279 3992 quibus
315 3907 456 3972 Christus
489 3907 643 3984 consistit,
678 3905 866 3970 indiminute
896 3904 1066 3969 naturalem
1089 3910 1212 3989 etpost

165 4008 340 4074 unitionem
361 4008 586 4094 proprietatem.
627 4005 730 4092 Igitur
750 4006 937 4092 praedictam
959 4011 1094 4071 sanctam
1118 4005 1213 4089 Syno

164 4111 256 4187 dum,
287 4116 318 4174 et
351 4131 455 4174 omnes
488 4113 609 4174 sanctos
641 4108 747 4172 Patres
781 4107 927 4193 projicere
956 4106 1112 4182 volentes,
1135 4105 1210 4172 haec

161 4211 267 4278 eadem
289 4209 493 4319 dogmatizare
515 4217 547 4275 et
569 4207 698 4274 scribere
719 4212 825 4275 contra
845 4208 938 4274 fidam
960 4205 1027 4272 ausi
1050 4212 1134 4277 sunt.
