3092 5000
135 637 292 694 utrumme
325 636 397 695 ante
432 630 705 716 Metropolitanos,
742 632 796 716 qui
829 633 881 698 hic
906 629 1122 712 morabantur,
1147 649 1187 699 611
1260 629 1262 632 ’

628 451 693 528 111

135 737 207 815 post
229 753 290 795 eos.
336 731 378 795 Et
400 732 574 816 requirente
597 734 703 798 eodem
725 733 822 798 Paulo
845 736 1000 818 quondam
1011 734 1189 800 Patriaroba

16 851 18 938 p
132 833 169 898 in
213 831 400 897 bibliotheca
444 833 622 918 patriarchii
669 834 784 899 librum
830 835 932 919 quinti
966 837 1114 914 Concilii,
1150 843 1187 900 ut

16 951 17 956 ’
139 939 354 1018 cognosceret,
379 935 531 1018 quomodo
557 936 660 1000 sedere
679 935 874 1015 debuissent,
887 937 1017 1023 contigit
1027 944 1064 1002 ut
1074 937 1190 1002 iuveni-

134 1041 220 1099 retur
243 1040 274 1098 et
296 1034 429 1098 Latinus
440 1033 518 1099 liber
530 1036 666 1120 ejusdem
678 1037 820 1102 Consilii.
842 1037 884 1101 Et
896 1038 1007 1103 exinde
1020 1039 1189 1103 instructus

133 1136 217 1200 idem
239 1135 355 1199 Paulus
377 1135 450 1200 fecit
473 1159 544 1200 eum
567 1137 778 1204 ordinabiliter
801 1139 914 1205 sedere.
959 1140 1095 1205 Protulit
1119 1161 1190 1204 vero

135 1238 269 1302 eundem
301 1236 415 1301 librum
448 1237 596 1302 Latinum
630 1240 668 1304 de
703 1239 888 1305 bibliotheca
924 1247 955 1306 61
990 1240 1070 1306 dixit
1093 1239 1188 1305 mihi:

138 1338 272 1422 „Aspice
294 1337 401 1416 illum,
425 1338 451 1402 si
475 1340 644 1404 seeundum
666 1341 859 1406 chartaceum
879 1342 1092 1406 authenticum
1104 1341 1188 1406 volu·

135 1462 230 1518 „men
264 1439 409 1524 septimae
445 1440 576 1504 actionis
610 1441 708 1506 sancti
742 1442 873 1506 Concilii
896 1442 1084 1528 completum
1108 1440 1188 1507 est.’'

135 1540 179 1604 Et
212 1541 317 1606 inveni
352 1541 483 1605 eundem
517 1541 666 1607 Latinum
699 1542 812 1607 librum
844 1544 880 1608 in
913 1544 1043 1628 septima
1065 1543 1188 1607 actione

134 1641 239 1705 minus
262 1641 426 1706 habentem
448 1643 487 1706 ad
511 1644 581 1727 [66]
604 1643 685 1707 illud
718 1644 863 1710 volumen
898 1645 1100 1710 chartaceum.
1147 1644 1189 1708 ut

137 1743 219 1806 dixit
241 1742 317 1806 mihi
338 1743 421 1807 idem
442 1745 556 1808 Paulam
581 1745 779 1810 Patriarctc:
826 1745 929 1830 „Quia
951 1769 1070 1810 assume
1085 1751 1188 1810 tecum

136 1843 300 1929 „Sergium
322 1844 503 1922 diaconum,
529 1845 582 1928 qui
606 1846 719 1910 dicitur
748 1847 970 1932 Autipisidias,
995 1848 1067 1930 quia
1089 1847 1189 1912 bonus

136 1945 290 2031 „scriptor
312 1951 358 2009 est
365 1970 374 2022 3
400 1951 431 2010 et
458 1947 583 2011 ostende
609 1947 653 2023 ei,
679 1949 833 2030 quomodo
857 1947 965 2013 debeat
987 1948 1091 2013 literas
1102 1947 1186 2012 Lati·

138 2069 216 2126 „uas
240 2046 385 2124 16111616,
409 2052 440 2110 61
473 2048 551 2112 adde
583 2070 659 2130 quae
682 2049 784 2113 minus
808 2047 915 2112 sunt.’'
961 2050 1041 2113 Sunt
1065 2055 1189 2126 autem,

138 2170 218 2232 quae
241 2148 413 2212 addidimus
436 2147 470 2212 in
492 2149 598 2212 eodem
621 2149 735 2213 Latino
759 2149 839 2214 libro
861 2150 896 2213 in
908 2150 1038 2235 septima
1050 2149 1187 2226 actione,

16 2283 18 2288 ·
138 2249 256 2327 libelli,
281 2249 336 2334 qui
358 2249 505 2314 dicuntur
526 2249 637 2335 Vigilii
659 2251 760 2336 Papae
783 2250 932 2328 Romani,
956 2273 1033 2336 quos
1057 2257 1087 2315 61
1098 2251 1190 2315 inter·

137 2356 277 2436 pretatus
302 2373 370 2414 sum
391 2350 502 2414 Latine
524 2373 561 2414 ex
583 2350 650 2436 ipso
673 2351 845 2427 volumine,
871 2357 918 2429 et,
942 2359 979 2415 ut
1001 2351 1186 2429 dictumest,

138 2451 262 2536 scripsit
283 2452 349 2536 ipse
372 2451 494 2536 Sergius
515 2451 671 2516 diaconus.
719 2454 806 2534 Quae
828 2473 897 2516 1616
922 2452 1034 2537 scripta
1056 2451 1187 2516 suntab

138 2555 246 2618 eodem
280 2552 384 2638 Sergio
418 2553 564 2630 diacono,
600 2553 654 2637 qui
676 2553 790 2618 dicitur
812 2553 1033 2638 Antipisidias,
1057 2553 1190 2638 interpo-

139 2654 203 2718 suit
225 2654 259 2718 in
282 2655 389 2719 eodem
410 2653 524 2718 Latino
547 2654 627 2719 libro
646 2655 825 2720 Theodorus
835 2655 996 2732 librarius,
1010 2655 1066 2740 qui
1078 2654 1188 2719 habuit

139 2755 304 2820 stationem
335 2756 373 2818 ad
396 2762 536 2819 sanctum
559 2757 712 2822 Joannem
734 2758 879 2822 Phocam.
926 2755 1027 2836 Haec,
1052 2756 1187 2834 domini,

138 2856 173 2921 in
197 2857 323 2922 veritate
347 2857 409 2920 scio
431 2857 513 2921 faeta
536 2857 641 2922 fuisse.

140 3057 286 3123 Praesens
309 3059 448 3144 Sergius,
473 3059 539 3124 Deo
562 3059 699 3124 amabilis
722 3060 886 3136 diaconus,
905 3059 1069 3124 inaudiens
1080 3082 1189 3145 quaea

140 3157 344 3224 Constantino
367 3160 433 3225 Deo
456 3160 582 3224 amabili
604 3158 779 3244 presbytero
803 3166 834 3224 et
856 3161 969 3225 Latino
988 3161 1188 3246 grammatico

141 3260 334 3339 dictasunt,
359 3283 436 3346 quae
460 3261 534 3338 scit,
559 3283 628 3325 cum
652 3261 737 3324 omui
758 3261 886 3326 16111616
908 3269 1119 3347 prosequatur.

186 3362 321 3447 Sergius,
346 3363 412 3426 Deo
435 3361 573 3426 amabilis
585 3361 733 3426 diaeonus
745 3369 866 3427 16116166
879 3385 1005 3448 magnae
1018 3363 1189 3428 116116616-

141 3463 223 3540 siae,
247 3463 343 3528 dixit:
389 3464 471 3527 Ante
493 3462 549 3527 hos
571 3463 685 3526 multos
708 3486 804 3528 anuos
829 3465 1185 3550 [616611161616111111]

141 3565 317 3630 convocavit
347 3587 396 3628 me
425 3565 538 3628 Paulus
560 3567 705 3650 quondam
729 3566 909 3630 Patrioretu
932 3565 1188 3651 Constantinopo-

139 3665 256 3730 litauus
291 3671 323 3730 et
346 3665 427 3729 dixit
449 3665 541 3729 mihi:
588 3665 691 3743 „Vide
714 3687 792 3752 quae
813 3666 1032 3752 interpretatur
1055 3669 1187 3736 domnus

145 3764 403 3852 „Constantinum
427 3763 644 3853 grammaticus
667 3767 815 3846 Latinus,
849 3791 887 3833 ex
909 3768 1064 3833 volumine
1087 3767 1190 3854 quinti

148 3869 315 3953 „Concilii,
325 3875 355 3933 61
374 3869 469 3934 scribe
480 3869 515 3934 in
525 3867 645 3935 Latinis
657 3868 788 3935 literia”
810 3871 852 3934 Et
862 3870 937 3935 1666
947 3871 1074 3934 audieus
1086 3870 1123 3934 ab
1135 3893 1188 3946 eo,

144 3971 224 4036 sicut
258 3993 361 4035 servus
395 3976 426 4036 et
459 3970 614 4056 subjectus
649 3971 768 4036 obedivi
801 3978 833 4036 et
868 3967 974 4056 scripsi
1007 3977 1038 4036 61
1061 3971 1132 4036 dedi
1155 3994 1190 4036 ea

147 4074 260 4136 domno
282 4071 485 4136 Constantino
508 4072 705 4158 grammatico
729 4078 760 4136 et
781 4071 966 4157 presbytero.

192 4173 337 4238 Sanctum
372 4173 546 4239 Concilium
579 4173 775 4238 exclamavit:
809 4173 983 4238 Anathema
1013 4173 1109 4252 libro,
1134 4172 1189 4259 qui

1356 981 1366 1014 Ι
