3140 5004
248 846 608 994 talliottam
645 847 851 994 5555515555
889 851 1100 997 attitulat

200 1403 266 1473 Diu
293 1403 512 1498 multumque
536 1405 625 1473 inter
649 1415 803 1474 auctores
828 1402 1038 1498 disputatum
1062 1404 1126 1477 suit
1150 1406 1194 1479 de

149 1549 254 1596 causa
279 1527 420 1597 Honmii
445 1527 578 1621 Papam
605 1525 640 1595 id
665 1539 735 1615 est7
763 1525 806 1596 de
831 1529 997 1598 sententia
1026 1531 1062 1598 in
1079 1531 1192 1624 ipsum

149 1647 218 1718 lata
252 1673 314 1743 per
346 1648 535 1720 Concilium
562 1648 729 1720 Generale
754 1648 892 1744 quidem
920 1663 1075 1740 sextum7
1103 1650 1194 1722 Con-

148 1771 493 1867 stantinopolitanum
526 1797 605 1844 vero
631 1774 782 1844 tertium.
835 1771 948 1867 Aliqui
987 1776 1078 1844 enim
1104 1773 1194 1846 illius

147 1895 234 1964 sexti
259 1893 398 1965 Concilii
424 1907 498 1965 acta
522 1897 560 1966 iis
585 1897 620 1965 in
646 1895 748 1984 locis,
775 1895 810 1965 in
837 1894 1028 1990 quibusda
1054 1897 1192 1967 Honorii

147 2016 435 2088 condemnatione
467 2040 579 2088 sermo
604 2029 675 2107 est,
703 2019 815 2087 vitiata
840 2041 931 2106 esse,
960 2041 1039 2088 cum
1067 2017 1191 2089 doctis·

54 2209 57 2218 2
147 2141 234 2210 simo
252 2138 419 2210 Cardinali
440 2139 583 2210 Baronio
605 2151 880 2235 propugnarunt..
908 2138 973 2209 Alii
992 2163 1071 2210 vero
1088 2142 1189 2235 ipsas,

146 2262 183 2331 in
222 2271 306 2357 quas
338 2262 405 2332 lata
439 2262 503 2333 luit
528 2261 668 2334 Concilii
693 2264 880 2350 sententia,
907 2262 1049 2332 Honorii
1079 2261 1192 2334 literas

25 2437 27 2444 ,
146 2397 325 2479 conuptas
350 2409 423 2456 esse
448 2384 712 2457 contendemnt.
741 2382 807 2454 Alii
832 2383 992 2474 tandem,
1020 2397 1095 2456 tum
1119 2385 1191 2456 Ho-

151 2509 236 2576 norii
261 2505 395 2598 literas,
413 2522 487 2578 tum
504 2520 577 2578 acta
592 2509 678 2578 sexti
699 2505 838 2577 Concilii
855 2509 985 2598 integra
1002 2520 1061 2578 aut
1077 2508 1192 2578 existi-

149 2641 283 2700 mantes
307 2641 366 2701 aut
393 2642 647 2726 supponentes,
666 2630 855 2700 Honorium
875 2653 952 2699 vere
981 2629 1191 2700 condemna-

145 2763 222 2821 tum
256 2775 328 2823 esse
360 2751 480 2822 dicunt
508 2765 546 2824 ut
572 2751 870 2823 Monotltelitarum
901 2751 1084 2824 haereseos¹
1106 2750 1191 2844 fau·

144 2885 273 2964 torem,
307 2877 420 2970 ipsum
451 2899 529 2946 vero
555 2899 668 2970 neque
693 2874 901 2946 haereticum
927 2874 1048 2964 luisse‚
1077 2899 1190 2970 neque

144 3009 321 3092 tamquam
363 2997 572 3069 haereticum
616 2996 839 3086 damnatum7
879 3021 993 3091 neque
1030 2996 1190 3070 adversus

133 3118 252 3190 fidem
285 3144 467 3216 moresque
492 3144 535 3191 655
561 3119 742 3209 cathedra,
769 3134 809 3190 ut
832 3131 977 3208 vocant‚
1011 3121 1188 3214 quippiam

142 3241 328 3315 definiisse.

191 3367 284 3436 Haec
321 3378 435 3436 autem
469 3367 567 3436 tertia
600 3367 786 3455 sententia,
822 3388 931 3460 quae,
961 3377 1081 3460 utpote
1103 3363 1187 3436 vali·
1281 3427 1284 3432 .

142 3487 286 3559 dissimis
324 3489 469 3559 stabilita
495 3489 702 3578 rationibus,
731 3491 808 3559 satis
834 3489 1027 3559 communis
1059 3490 1184 3578 evasit„

142 3634 222 3681 cum
248 3613 422 3706 puncipiis
448 3610 587 3706 quidem
613 3610 793 3682 Catholicis
818 3622 910 3680 recte
935 3613 1094 3705 componi
1121 3635 1186 3706 po-

140 3745 227 3822 test3
253 3746 404 3804 attamen
430 3746 547 3804 notam
572 3734 745 3828 quandam
770 3734 875 3802 inurit
898 3733 1069 3822 Honorio,
1090 3734 1186 3828 quasi

90 3833 98 3846 ⁸
117 3881 120 3884 ·
140 3854 214 3942 iste,
234 3877 305 3924 non
322 3855 401 3924 satis
419 3854 559 3948 provide
576 3868 610 3924 et
627 3857 874 3949 circumspecte
890 3853 1037 3945 agendo,
1053 3853 1185 3925 haeresi

140 3972 290 4046 fomenta
323 3975 468 4048 dederit.
520 3977 622 4046 lstam
654 3978 698 4047 ab
728 4001 768 4048 eo
793 3952 986 4068 abstergere
1011 3976 1182 4048 maculam

140 4101 302 4194 cupiensn
330 4102 366 4168 in
391 4099 456 4169 hac
473 4098 726 4188 dissertationm
746 4097 947 4188 nemaeum,
967 4099 1000 4168 id
1019 4112 1084 4189 est,
1098 4099 1184 4171 Hol-

137 4220 270 4291 landica
295 4220 411 4313 lingua
437 4223 589 4316 primum
615 4224 828 4317 conscripta7
856 4245 950 4292 nunc
968 4245 1047 4292 vero
1064 4222 1182 4291 Latine
