3092 5000
647 463 695 533 85

147 638 191 708 ab
223 662 314 708 anno
349 638 421 708 ute
452 663 560 734 usque
586 640 630 709 ad
656 664 786 711 annum
813 638 907 729 680,
936 640 1051 710 nullus
1077 664 1195 711 eorum

145 761 180 829 in
214 760 301 855 Typi
334 763 476 853 gratiam
511 763 651 832 Honorii
675 764 811 832 invocat
837 787 965 833 nomen
992 776 1025 833 et
1050 765 1197 834 auctori-
1249 836 1251 842 ,

146 895 274 971 tatem,
302 907 367 954 neo
392 885 553 979 cuiquam
579 887 614 954 in
642 897 795 955 mentem
822 887 933 974 venit,
962 898 1013 975 ut,
1035 909 1097 979 pro
1111 885 1197 980 Typi

146 1005 357 1095 defensione,
385 1007 472 1102 Typi
498 1007 690 1078 consimiles
709 1008 849 1077 Honorii
867 1006 1013 1078 literase
1030 1007 1198 1078 tabulario

148 1127 525 1224 Constantinopolitano
551 1128 690 1223 publice
717 1127 889 1224 proferat!

198 1249 248 1319 Ex
274 1250 453 1344 praedictis
476 1253 522 1321 ita
538 1251 790 1322 concludimus.
819 1251 964 1338 Quando
978 1252 1022 1321 de
1038 1251 1198 1322 damnata

151 1372 285 1443 Ecthesi
317 1396 371 1442 res
404 1373 568 1465 agebatur
595 1375 685 1444 inter
708 1373 901 1444 Catholicos
926 1387 959 1444 et
985 1374 1198 1464 haereticos,

150 1496 185 1564 hi
202 1495 427 1584 invocabant,
445 1495 495 1565 illi
512 1495 744 1566 defendebant
761 1497 886 1584 verba,
908 1521 994 1591 quae
1012 1499 1053 1566 de
1073 1496 1204 1566 Christi

147 1643 221 1689 nac
257 1617 434 1689 voluntate
474 1617 605 1688 dixerat
646 1619 837 1708 Honorius3
884 1618 944 1688 sed
982 1620 1023 1689 de
1064 1617 1200 1689 silentio

148 1743 242 1811 circo
285 1739 416 1811 Christi
438 1717 671 1834 operationes,
699 1741 793 1835 quod
817 1741 976 1811 indixisse
1002 1741 1201 1835 perhibetur

146 1863 339 1951 Honorius,
356 1863 518 1958 quodque
535 1865 635 1933 etiam
656 1887 718 1957 per
736 1863 894 1934 Eethesin
910 1864 1196 1958 praecipiebatur,

150 1984 270 2074 nulla,
306 2007 371 2055 nec
409 1985 453 2054 ab
491 1986 687 2075 haereticis,
728 1985 815 2055 facta
854 1999 904 2054 est
938 1987 1085 2073 mentio3
1114 1995 1201 2078 quae

150 2107 401 2178 haereticorum
414 2107 537 2199 agendi
555 2109 651 2196 ratio,
669 2109 842 2201 supposita
861 2108 962 2176 etiam
980 2099 1200 2200 epistolarum

151 2232 361 2322 integritate,
390 2254 432 2300 ex
464 2231 569 2324 ipsius
595 2230 771 2300 haereseos
795 2228 932 2318 indole,
960 2228 1073 2324 aliquo
1099 2228 1202 2299 modo

153 2350 293 2441 saltem,
322 2351 484 2446 explicari
510 2365 635 2446 posset.
657 2351 799 2422 Unicam
816 2355 908 2421 enim
928 2351 1059 2421 Christo
1076 2351 1204 2421 adscri-

154 2476 277 2545 bentes
303 2464 536 2562 voluntatem,
565 2498 715 2544 errorem
747 2475 999 2569 profitebantur
1024 2474 1203 2544 Monothe-

152 2598 258 2686 litae,
315 2596 484 2668 silentium
549 2621 627 2667 vero
683 2596 726 2668 de
780 2597 901 2667 Christi
951 2597 1204 2691 operationibus

154 2721 325 2791 observari
361 2721 543 2814 jubenteS,
587 2720 806 2791 occultabant
845 2720 1085 2790 tantummodo
1124 2720 1205 2790 fidei

156 2845 344 2914 veritatem.
385 2842 476 2928 Quid
515 2845 636 2914 mirum
676 2845 799 2935 igitur,
841 2845 888 2931 si,
925 2845 1068 2932 minori,
1096 2855 1134 2911 ut
1159 2845 1229 2914 ita-

155 2965 288 3055 dicam,
317 2967 461 3055 omisso,
492 2970 621 3060 majnn,
648 2965 685 3035 id
710 2979 782 3055 est,
811 2968 933 3036 erroris
959 2964 1204 3060 professionem

156 3090 404 3182 impugnarunt
430 3086 614 3177 Catholici,
642 3087 871 3158 defenderunt:
895 3087 1067 3156 haeretici.
1184 3119 1187 3123 ·

210 3210 278 3280 Sed
302 3223 440 3305 postea,
469 3235 548 3280 cnm
580 3211 696 3305 Typus
721 3223 808 3279 esset
838 3209 1040 3292 damnatus,
1060 3205 1208 3278 nonalia

158 3357 263 3428 quam
304 3333 348 3405 de
388 3333 552 3421 silentio,
601 3357 662 3427 per
703 3333 841 3428 Typum
866 3331 1015 3418 indicto,
1044 3331 1208 3422 agebatur

33 3555 34 3560 ἵ
159 3457 324 3550 quaestio.
368 3455 433 3542 Qui
457 3457 559 3548 igitur
585 3455 646 3543 lit,
674 3468 712 3525 ut
736 3455 839 3524 iidem
868 3454 917 3523 illi
942 3455 1121 3543 haeretici,
1150 3457 1208 3548 qui

161 3602 224 3673 pro
254 3577 415 3648 damnata
448 3578 492 3648 de
516 3603 584 3654 una
611 3577 732 3647 Christi
758 3576 932 3648 voluntate
957 3577 1112 3646 doctrina
1138 3589 1206 3644 tam

160 3723 262 3795 saepe
286 3701 330 3769 ad
356 3702 558 3770 sententiam
584 3701 725 3769 Honorii
742 3711 1027 3793 provocaverant,
1047 3698 1208 3768 damnato

158 3827 233 3916 jam
271 3847 384 3913 nunc,
427 3822 520 3917 quod
545 3824 678 3892 *servari
713 3835 907 3916 oporteret,
936 3819 1092 3908 silentio,
1120 3818 1209 3889 illius

160 3944 354 4032 pontilicis,
382 3944 474 4015 idem
499 3943 586 4015 illud
611 3942 781 4014 silentium
810 3943 1068 4037 praecipientis,
1097 3965 1210 4036 neque

161 4069 397 4138 auctoritatem
427 4067 677 4154 invocaverint,
715 4089 828 4159 neque
858 4066 960 4135 verba
992 4066 1028 4133 in
1057 4064 1208 4134 medium

161 4189 390 4279 adduxerint,
409 4214 521 4285 neque
538 4188 644 4261 ullam
659 4187 806 4282 denique
820 4190 1028 4260 mentionem
1045 4185 1211 4258 fecerint?
