3140 5004
673 467 697 535 9

155 645 295 732 proprias
316 643 517 728 interrogavit
539 665 595 707 nos
618 641 792 726 praedictus
808 641 1085 720 sanctissimusvir,
1100 649 1205 707 utrum

157 769 254 811 unam
287 745 496 831 operationem
529 767 569 809 an
603 745 679 807 duas
712 743 748 807 in
775 742 929 809 Salvatcre
951 751 1057 808 nostro
1078 743 1201 808 Christo

159 869 283 914 necesse
306 847 347 911 sit
370 846 494 910 dicere:
519 852 550 910 et
572 845 599 909 si
621 846 770 929 quosdam
791 867 951 910 noscamus
974 853 1148 910 sanctorum
1170 868 1205 910 ac

159 949 404 1015 beatissimorum
428 949 573 1025 Patrum,
593 969 687 1011 unam
702 946 839 1011 dicentes
851 947 1067 1032 operationem.
1113 947 1205 1013 Unde

74 1040 81 1055 ⁸
156 1073 236 1132 nos,
267 1073 345 1134 quae
367 1056 488 1115 nostrae
511 1055 598 1113 erant
620 1048 782 1125 scientiae,
805 1070 859 1132 per
882 1055 986 1112 nostra
1008 1049 1153 1134 rescripta
1175 1048 1204 1114 ei

157 1151 416 1236 significavimus,
452 1149 617 1235 dirigentes
650 1148 744 1213 etiam
766 1171 935 1214 sermonem
957 1148 1205 1214 acclamatorium

155 1253 292 1317 Mennae
314 1251 500 1316 sanctissimi
522 1251 678 1335 qnondam
700 1249 894 1315 Patriarchae
918 1250 1008 1334 hujus
1028 1241 1123 1315 aDeo
1135 1273 1206 1316 con·

157 1355 324 1418 servandae
346 1354 446 1439 regiae
468 1352 571 1430 urbis,
594 1358 771 1437 porrectum
790 1351 828 1416 ab
851 1374 886 1415 eo
909 1351 961 1416 hic
982 1353 1133 1442 praesenti
1152 1353 1205 1417 vi-

154 1455 235 1541 gilio
268 1461 389 1520 sanctae
423 1454 585 1519 memoriae
618 1451 840 1539 praedecessori
870 1452 1042 1518 sanctitatis
1065 1460 1181 1518 vestrae
1192 1503 1202 1533 ,

154 1556 321 1621 habentem
345 1563 376 1620 et
399 1555 517 1621 diversa
539 1554 717 1619 testimonia
740 1561 866 1638 paterna
889 1555 927 1618 de
943 1576 1006 1618 una
1027 1555 1202 1639 operatione

154 1665 190 1722 et
212 1679 275 1721 uua
295 1656 455 1722 voluntate
477 1656 641 1721 Salvatoris
664 1656 763 1720 nostri
785 1655 900 1720 Christi
924 1656 986 1721 veri
1009 1655 1068 1720 Dei
1093 1657 1200 1722 nostri.
1264 1695 1267 1700 ι

154 1757 250 1825 Nihil
283 1765 388 1822 tamen
420 1759 577 1844 proprium
612 1757 737 1843 penitus
766 1757 801 1820 in
826 1757 1002 1843 hujusmodi
1024 1757 1138 1821 nostris
1159 1781 1203 1823 re·

153 1860 280 1946 scriptis
310 1859 588 1944 promulgavimus,
620 1858 701 1923 sicut
724 1859 861 1944 suppetit
883 1881 972 1925 nosse
993 1881 1047 1922 vos
1069 1859 1205 1924 sacratis·

153 1962 250 2026 simos
273 1969 304 2027 et
327 1961 504 2040 unanimes,
525 1960 693 2046 relegentes
713 1982 906 2044 eorumquae
918 1960 1010 2024 missa
1021 1968 1094 2025 suut
1105 1984 1204 2027 exem·

151 2061 262 2150 plaria.
297 2061 339 2127 111
374 2061 532 2126 silentium
566 2061 690 2146 quidem
721 2085 756 2126 ex
788 2062 844 2125 illo
866 2068 1001 2146 tempore
1023 2062 1201 2147 hujusmodi

153 2163 292 2249 suscepit
314 2163 494 2249 capitulum.

202 2265 285 2348 Quia
306 2264 402 2350 igitur
423 2271 495 2330 aute
518 2287 644 2350 parvum
670 2271 807 2350 tempus,
831 2271 1010 2349 cooperante
1021 2264 1120 2349 gratia
1130 2265 1199 2344 Dei,

151 2369 206 2454 qai
228 2389 324 2430 omncs
344 2367 472 2430 homines
494 2368 559 2430 cult
580 2368 757 2451 salcocficra‘
775 2375 804 2432 ct
827 2369 869 2430 ad
877 2367 1054 2458 apellioacpa
1066 2368 1142 2430 11111
1162 2368 1201 2431 ta'c
1282 2445 1286 2448 ,

152 2469 270 2545 venire,
293 2468 346 2553 pio
369 2466 434 2532 uelo
456 2467 617 2531 fortissimi
636 2489 670 2532 ac
681 2467 877 2531 invictissimi
889 2466 993 2552 magui
1004 2467 1200 2552 Imperatoris

153 2569 308 2636 excitatus
332 2569 446 2652 Cyrus,
461 2568 671 2632 sanctissimus
693 2567 898 2633 Alexandriae
920 2590 1048 2654 magnae
1067 2568 1201 2638 civitatis

151 2669 330 2735 Patriarcha
361 2677 391 2735 et
415 2670 585 2734 communis
607 2671 700 2734 frater
722 2676 826 2733 noster
848 2681 879 2734 et
902 2671 1100 2734 consacerdos
1122 2670 1198 2748 Dei,

151 2771 326 2836 amabiliter
361 2777 392 2836 et
427 2773 564 2836 modeste
595 2771 774 2835 adhortatus
796 2777 843 2835 est
865 2793 933 2849 eos,
957 2771 1069 2855 quiin
1091 2793 1201 2856 magna

152 2874 278 2938 civitate
300 2871 526 2951 Alexandrina,
550 2873 731 2958 Eutychetis
754 2880 785 2938 et
797 2873 953 2951 Dioscori,
966 2872 1067 2938 Severi
1078 2895 1200 2956 quoque

153 2982 186 3040 et
207 2974 328 3039 Juliani
350 2974 416 3039 Deo
441 2974 603 3039 odibilium
618 2975 735 3039 haeresi
745 2973 948 3060 languerunt,
962 2976 1000 3038 ad
1011 2974 1200 3040 Catholicam

152 3075 323 3141 Ecclesiam
353 3076 502 3140 accedere.
548 3075 590 3140 Et
611 3082 681 3160 post
704 3076 817 3139 multas
840 3075 1066 3160 disputationes
1096 3082 1126 3140 et
1159 3075 1201 3139 la·

152 3177 258 3254 bores,
283 3198 360 3260 quos
383 3197 453 3240 cum
475 3177 571 3240 nimia
589 3176 753 3261 prudentia
775 3183 806 3240 et
829 3175 1027 3240 saluberrima
1046 3176 1200 3261 dispensa·

153 3278 239 3342 tione
275 3278 310 3341 iu
345 3277 403 3341 hac
432 3300 521 3341 causa
553 3277 722 3362 impendit,
753 3279 812 3342 hoc
835 3278 918 3361 quod
940 3276 1122 3355 festinabat,
1145 3301 1199 3364 per

153 3401 317 3465 supernam
351 3378 480 3463 gratiam
515 3379 678 3466 ordinarit.
719 3380 812 3444 Facta
847 3386 920 3444 sunt
949 3380 1199 3464 interutrasque

151 3487 253 3567 partes
276 3479 449 3564 dogmatica
471 3481 619 3563 quaedam
642 3481 793 3567 capitula,
816 3480 852 3546 in
875 3480 987 3564 quibus
1010 3503 1115 3545 omnes
1133 3481 1199 3565 (qui

153 3588 244 3646 antea
266 3580 391 3665 quidem
413 3581 448 3645 in
470 3580 603 3644 diversas
626 3582 782 3667 portiones
804 3582 896 3646 divisi
911 3582 1050 3659 fueraut,
1062 3604 1200 3666 proavos·

152 3705 213 3767 que
247 3681 307 3746 sibi
343 3683 523 3747 Dioscorum
558 3689 650 3767 atque
684 3684 826 3748 Severum
849 3683 1009 3748 sceleratos
1031 3683 1199 3748 haereticos

150 3771 372 3867 inscribebant)
406 3784 570 3848 coadunati
613 3791 686 3848 sunt
728 3807 798 3849 cum
837 3785 1028 3849 sanctissima
1066 3783 1100 3849 a'c
1134 3785 1199 3850 1111

151 3884 311 3950 Catholica
339 3884 490 3963 Ecclesia,
519 3893 550 3951 et
575 3909 656 3951 unus
679 3909 752 3972 grex
775 3887 890 3951 Christi
913 3887 977 3951 veri
999 3887 1059 3951 Dei
1081 3888 1196 3967 nostri,

151 3986 251 4051 omnis
266 3986 390 4051 Christo
413 3987 552 4052 amabilis
575 3988 779 4053 Alexandriae
800 3988 934 4074 populus
957 3988 1056 4052 factus
1079 3996 1142 4067 est,
1167 3996 1198 4055 et

148 4111 228 4174 pene
250 4088 392 4153 universa
415 4111 485 4153 curn
508 4089 552 4154 eis
574 4092 734 4175 Aegyptus
757 4097 788 4156 11
821 4089 952 4155 Thebais
987 4097 1018 4155 et
1046 4090 1145 4176 Libya
1167 4099 1199 4157 et

149 4197 266 4256 ceterae
288 4190 494 4277 Aegyptiacae
517 4191 729 4277 dispositionis
751 4191 907 4284 regiones,
931 4214 1007 4276 quas
1031 4192 1106 4265 olim
1128 4215 1198 4267 cou-
