3092 5000
638 440 681 510 71

119 618 311 701 ¹hujusmodi
334 618 475 682 miseram
501 613 706 681 calamitatem
717 615 873 701 plorantes
879 643 889 695 3
903 617 1069 702 aliquando
1082 625 1183 683 autem

131 741 253 804 pennas
283 719 441 784 columbae
464 718 632 782 secundum
655 717 778 782 beatum
801 719 919 796 David,
944 726 975 784 et
996 719 1133 784 volemus
1153 724 1184 784 et

10 820 13 879 'r
129 820 353 886 annuntiemus
373 821 448 884 haec
470 818 573 883 omnia
596 817 733 883 omnium
756 819 929 904 propositae
961 820 1033 885 Sedi
1047 819 1088 903 ¹),
1113 820 1182 884 dico

8 934 12 944 ’
132 927 265 999 eutem,
289 943 424 986 summae
458 926 573 986 vestrae
597 929 628 984 et
649 919 831 1004 principali,
854 922 894 984 ad
916 921 1095 986 medicinale
1118 944 1187 985 con·

8 1045 11 1102 4
131 1022 255 1086 sultum
279 1021 387 1087 emersi
407 1021 559 1086 vulneris:
584 1020 696 1106 quippe
730 1021 876 1104 quoniam
912 1023 971 1087 hoo
1003 1021 1185 1108 potestative

8 1104 10 1120 ’
134 1123 214 1187 olim
245 1128 276 1188 et
294 1123 344 1187 ab
368 1122 540 1206 antiquitus
563 1122 661 1187 facere
683 1143 737 1207 per
759 1123 958 1208 apostolicam
980 1123 1043 1188 sive
1066 1124 1187 1189 canoni·

130 1246 201 1288 cam
225 1225 384 1289 consuevit
406 1224 641 1301 auctoritatem,
666 1224 740 1286 dum
763 1230 867 1308 aperte
888 1223 1100 1289 lucubratione
1123 1247 1186 1289 non

7 1311 9 1392 s
129 1324 235 1388 solum
272 1325 370 1389 claves
393 1325 481 1410 regni
504 1325 657 1388 coelorum
682 1323 815 1388 creditae
839 1331 913 1388 sunt
936 1324 981 1401 ei,
1006 1331 1097 1408 atque
1119 1325 1185 1410 ipse

127 1427 348 1490 tantummodo
381 1427 420 1490 ad
456 1425 657 1510 aperiendum
690 1448 739 1489 cas
761 1424 905 1489 fidelibus
928 1424 1052 1512 quidem
1076 1425 1184 1509 digne,

130 1525 262 1590 minime
285 1532 388 1591 autem
412 1526 580 1610 Evangelio
603 1525 719 1610 gratiae
743 1525 944 1590 credentibus
953 1525 1036 1609 justa
1047 1525 1185 1590 claudere

130 1649 265 1712 magnus
288 1629 457 1693 secundum
479 1627 638 1692 veritatem
672 1633 702 1691 et
725 1627 868 1712 princeps
891 1626 1110 1712 Apostolorum
1126 1649 1185 1692 me·

127 1729 196 1792 ruit
232 1730 361 1806 Petrus;
397 1730 450 1793 sed
474 1729 565 1794 etiam
589 1734 620 1793 et
639 1750 760 1814 pascere
783 1727 900 1813 primus
919 1729 1022 1812 jussus
1045 1734 1183 1819 esteves

127 1828 307 1895 Catholicae
330 1830 499 1908 Ecclesiae,
523 1853 592 1894 cum
611 1828 765 1894 Dominus
785 1828 879 1893 dicit:
905 1832 1006 1906 Perre,
1019 1853 1101 1892 umus
1111 1829 1181 1893 me?

7 1987 9 2020 z
123 1953 218 2012 pasce
251 1952 316 1995 oues
348 1954 450 2008 mece;
487 1936 517 1996 et
550 1931 663 1995 itemm
686 1930 752 2015 ipse
774 1930 933 2016 praecipue
956 1953 990 1994 ac
1013 1929 1183 2015 specialiter

125 2033 247 2096 firmam
272 2054 343 2116 prae
367 2031 510 2096 omuibus
530 2031 646 2096 habens
657 2031 690 2095 in
703 2031 873 2095 Dominum
885 2031 985 2094 Deum
999 2037 1138 2094 nostrum
1151 2038 1182 2095 et

8 2121 9 2124 ¹
127 2132 357 2197 immutabilem
391 2133 499 2210 fidem,
535 2139 707 2197 convertere
741 2131 906 2216 aliquando
941 2138 972 2195 et
1005 2133 1181 2196 confirmare

128 2232 303 2317 exagitatos
326 2239 481 2298 consortes
505 2256 575 2297 suos
599 2240 630 2297 et
650 2231 802 2318 spiritales
815 2230 927 2297 meruit
938 2231 1045 2296 fratres
1052 2237 1182 2316 ,utpote

7 2357 9 2414 ξ
128 2332 338 2418 dispensative
361 2357 452 2419 super
475 2357 579 2398 omnes
610 2333 648 2398 ab
670 2333 760 2418 ipso,
785 2333 841 2416 qui
863 2339 986 2418 propter
1008 2355 1064 2397 nos
1086 2331 1182 2396 incar-

7 2491 9 2532 3
125 2441 222 2500 natus
244 2441 290 2500 est
312 2437 413 2513 Deus,
437 2441 620 2520 potestatem
630 2434 781 2519 accipiens
795 2441 826 2498 et
848 2433 1065 2500 sacerdotalem
1080 2440 1181 2498 aucto·

7 2589 8 2592 η
125 2534 263 2600 ritatem.

181 2637 272 2718 Quod
295 2636 403 2720 utique
426 2635 525 2701 sciens
549 2635 654 2700 beatae
677 2636 838 2700 memoriae
861 2634 1061 2720 Sophronius,
1086 2659 1181 2720 quon-

127 2739 203 2802 dam
238 2737 414 2801 Patriaroha
448 2743 569 2801 sanotae
604 2736 720 2800 Christi
743 2737 802 2802 Dei
824 2736 923 2801 nostri
946 2735 1096 2814 civitatis,
1123 2738 1180 2803 sub

127 2837 218 2922 cujus
241 2837 376 2902 dioecese
399 2837 548 2922 fungebar
572 2836 756 2902 sacerdotale
781 2837 936 2914 officium,
961 2859 1025 2901 non
1047 2838 1179 2921 nequies

129 2961 204 3004 oens
228 2936 355 3002 omnino
379 2938 463 3003 carni
486 2944 516 3003 et
540 2938 700 3022 sanguini,
725 2939 778 3003 sed
790 2938 864 3015 sola,
879 2959 955 3021 quae
968 2937 1083 3002 Christi
1094 2946 1177 3017 sunt,

7 3013 8 3030 ³
124 3039 428 3124 juxtaSanctitatem
450 3037 591 3104 Vestram
614 3037 808 3124 excogitans,
832 3037 952 3101 studuit
971 3038 1179 3103 meamhumi-

128 3140 251 3203 litatem
272 3138 353 3203 -sine
387 3161 471 3224 mora
504 3161 560 3224 pro
593 3139 771 3223 hujusmodi
803 3138 1019 3202 tantummodo
1043 3139 1177 3223 capitulo

128 3262 201 3304 cum
236 3262 290 3303 sua
326 3239 520 3324 suggestione
554 3241 593 3303 ad
627 3240 706 3304 hanc
741 3239 951 3324 Apostolicam
975 3261 1177 3324 magnamque

127 3341 261 3426 dirigere
294 3341 420 3418 Sedem,
441 3341 476 3405 in
499 3340 613 3426 scripto
636 3347 730 3425 atque
742 3340 808 3406 sine
831 3340 961 3426 scripto,
981 3363 1039 3426 ¹per
1051 3362 1098 3405 me
1109 3364 1179 3427 sup·

127 3441 242 3527 plicam
274 3447 409 3505 vestrum
444 3441 583 3506 omnium
604 3441 829 3526 praedictorum
853 3441 987 3506 virorum
1000 3443 1177 3526 adaperiens

129 3541 315 3618 novitatem,
339 3565 431 3625 qnam
455 3542 600 3607 videlicet
625 3549 731 3606 contra
754 3543 953 3607 orthodoxam
965 3543 1056 3607 fidem
1068 3566 1182 3608 memo·

128 3642 190 3707 rati
212 3641 271 3705 viri
294 3665 442 3727 exponere
467 3643 534 3708 ausi
557 3650 639 3707 sunt.
1080 3633 1081 3637 ¹

175 3743 298 3828 Quippe
332 3766 403 3808 nam
438 3751 468 3809 et
505 3745 591 3829 ipse,
626 3744 702 3807 dum
724 3744 894 3821 adviveret,
919 3744 1059 3829 superius
1084 3743 1175 3807 dictis

128 3843 360 3908 temeratoribus
383 3844 418 3908 in
440 3845 567 3910 Oriente
583 3844 771 3909 validissime
784 3844 988 3921 contradixit,
1002 3850 1176 3909 contestans

164 4120 193 4188 1)
230 4119 333 4174 Toxius
362 4119 478 4176 Latinus
515 4118 612 4175 habetz
649 4122 710 4184 ,πῶς
742 4119 861 4176 Graecus
888 4137 950 4174 vero
978 4122 1005 4177 et
1034 4121 1176 4174 contextus

136 4188 294 4265 postulant:
316 4190 387 4248 aedi.
