3116 5002
639 472 686 542 bd

131 649 202 712 siae
215 649 309 732 hujus
333 669 350 710 a
373 647 439 711 Deo
462 647 684 711 conservandae
707 655 828 712 nostrae
851 649 950 734 regiae
972 647 1074 726 urbis,
1103 670 1179 733 quae

130 751 291 815 continent
314 747 484 834 praedictas
508 748 719 831 quaestiones,
741 749 888 834 jussimus
910 749 1014 815 levari.

13 925 14 940 ἦ
174 847 238 934 Qui
288 857 391 915 autem
436 872 471 914 ea
504 850 764 936 praesumpserint
797 851 1015 937 praevaricari,
1047 853 1182 938 primum

13 947 14 988 l
131 952 255 1038 quidem
278 950 439 1036 subjacent
460 950 579 1034 judicio
602 950 734 1016 terribili
746 951 969 1038 omnipotentis
981 953 1060 1032 Dei;
1073 952 1184 1018 deinde

133 1061 235 1118 autem
267 1061 299 1117 et
317 1073 380 1116 non
404 1051 658 1136 qualemcumque
680 1052 813 1137 regalem
836 1052 1083 1138 indignationem
1100 1075 1184 1118 reve·
1237 1097 1239 1100 -

130 1162 274 1233 reantur,
308 1175 363 1239 per
397 1175 487 1237 quam
519 1153 544 1217 si
568 1153 693 1237 quidem
718 1153 863 1239 Episcopi
888 1160 943 1218 aut
967 1153 1071 1219 clerici
1093 1160 1183 1232 sunt,

13 1265 15 1330 t
129 1256 176 1320 aui
211 1255 373 1320 sacerdotii
408 1255 470 1320 sive
493 1254 541 1318 sui
565 1253 637 1320 cleri
661 1254 758 1319 modia
782 1253 926 1320 omnibus
951 1254 1097 1320 excidant
1104 1281 1114 1334 ς
1137 1256 1185 1320 sin

132 1364 236 1422 autam
268 1355 428 1434 monachi,
464 1363 661 1442 segregentur
693 1363 724 1421 et
746 1355 837 1421 alieni
861 1357 926 1422 sint
948 1357 986 1421 de
1010 1356 1074 1421 suis
1091 1357 1184 1436 locia3

13 1457 14 1504 t
132 1459 181 1524 sin
203 1464 308 1524 autem
329 1457 516 1544 dignitatem
538 1464 592 1521 aut
616 1457 776 1543 cingulum
798 1465 853 1522 aut
876 1457 1021 1522 militiam
1040 1457 1182 1536 habeant,

128 1561 291 1625 nudentur
315 1559 352 1624 de
376 1559 431 1624 eis.
478 1558 510 1622 Si
533 1567 635 1623 autem
660 1559 724 1624 sint
745 1559 876 1645 privati,
903 1559 928 1622 si
952 1559 1075 1643 quidem
1098 1559 1197 1631 nobi·¹

128 1663 173 1727 les
198 1660 392 1738 consistunt,
417 1682 538 1724 suarum
566 1659 807 1726 substantiarum
828 1660 1086 1747 proscriptionem
1108 1661 1185 1747 pati·

128 1761 310 1840 antu13sin
333 1768 437 1826 autam
459 1761 610 1847 ignobiles
634 1761 827 1840 consistunt,
851 1784 915 1826 non
938 1761 1038 1826 solum
1061 1761 1097 1827 in
1122 1785 1185 1827 cor-

13 1905 14 1920 2
129 1887 206 1950 pore
242 1862 460 1942 verberentur,
496 1864 550 1928 aed
579 1863 613 1926 in
636 1862 729 1927 exilio
751 1869 899 1949 perpetuo
922 1863 1124 1948 castigentur:
1148 1871 1185 1927 ut

128 1987 234 2030 omnes
269 1963 379 2028 timore
397 1962 457 2029 Dei
480 1964 643 2048 compressi
674 1971 706 2029 et
729 1964 914 2028 comminata
936 1964 981 2029 eis
1004 1963 1098 2050 digna
1113 1987 1182 2051 sup-

129 2066 224 2152 plicia
257 2072 445 2144 reverentes,
468 2064 660 2129 immobilem
680 2072 712 2130 et
734 2064 801 2130 sine
823 2064 915 2130 turba
937 2087 1042 2150 pacem
1066 2073 1181 2130 sancta·

128 2190 195 2232 mm
220 2165 280 2232 Dei
303 2165 509 2231 Ecclesiarum
538 2165 715 2231 custodiant
740 2164 772 2248 ¹).

176 2355 274 2450 Typo
314 2357 377 2426 isto
410 2352 630 2449 promulgato
656 2356 769 2424 statim
797 2377 870 2425 sese
896 2355 1055 2449 opposuit
1081 2353 1184 2424 Sum-

129 2502 204 2550 mus
229 2475 408 2566 Pontifex,
436 2475 653 2571 Paulumque
680 2476 1175 2570 Patria1·cham,utscripturn

129 2599 215 2672 illud
239 2611 426 2690 revocaret,
442 2623 506 2695 per
518 2599 648 2692 legatos
664 2598 818 2671 hortatus
836 2613 899 2670 est.
953 2598 1022 2669 Sed
1039 2597 1180 2669 frustra.

14 2787 15 2816 ζ
129 2723 253 2795 Paulus
290 2724 404 2812 enim,
446 2724 494 2792 ira
533 2734 567 2792 et
600 2719 716 2793 furore
741 2723 920 2809 incitatus,
949 2733 1022 2791 tum
1049 2720 1179 2813 legates

14 2827 15 2856 ³
129 2845 323 2942 pontificios
349 2857 423 2915 tum
450 2843 533 2915 alios
559 2843 858 2952 Catholicosnvires
883 2854 1084 2938 persecutus
1109 2856 1179 2931 est,

15 3011 16 3060 3
128 2951 220 3066 quod
248 2969 283 3038 S.
312 2967 479 3038 Martinus
504 2967 538 3057 l,
567 2965 734 3038 Theodori
750 2966 864 3062 Papae
877 2987 1064 3053 successor,
1087 2965 1180 3034 hisce

15 3083 16 3094 ¹
130 3104 243 3163 narret
281 3090 410 3161 verbis:
465 3122 479 3152 a
492 3089 642 3183 {Paulus}
683 3089 812 3160 studuit
857 3088 899 3159 ad
941 3089 1179 3183 cooperimen-

131 3247 145 3276 a
155 3227 227 3286 tum
266 3213 393 3309 proprii
434 3215 577 3295 erroris,
612 3225 647 3282 et
671 3213 707 3282 in
732 3211 798 3283 hoc
824 3212 979 3305 Sergium
1005 3211 1176 3298 imitatus,

131 3371 144 3397 n
154 3335 358 3432 quibusdam
373 3335 654 3430 subreptionibus
667 3336 737 3424 uti,
754 3347 787 3405 et
804 3334 1068 3405 clementissimo
1083 3333 1180 3428 prin-

130 3494 143 3521 a
152 3461 218 3554 cipi
247 3432 421 3548 suadere,
466 3458 603 3554 Typum
647 3482 842 3553 exponere,
883 3459 943 3554 qui
968 3455 1179 3528 Catholicum

130 3583 277 3675 »dogma
316 3581 506 3654 destrueret
512 3636 585 3653 .....
643 3580 717 3669 Qua
743 3581 787 3652 de
813 3605 850 3652 re
876 3578 1073 3674 hujusmodi
1099 3602 1180 3673 pra-

132 3708 292 3778 »vitatem
306 3729 405 3775 suam
419 3705 628 3794 defendenS,
653 3705 746 3800 quod
762 3728 951 3800 numquam
968 3725 1033 3773 uec
1051 3726 1070 3772 a
1088 3703 1180 3796 prio·

133 3829 251 3899 »ribus
276 3828 451 3899 haereticis
477 3841 737 3923 praesumptum
764 3840 835 3918 est,
863 3829 935 3921 ipse
951 3825 1065 3895 illicite
1079 3847 1180 3920 prae-

133 3973 294 4022 »sumere
319 3949 461 4022 studuit.
490 3935 605 4022 hltare
629 3951 722 4022 enim
745 3962 880 4022 sanctae
905 3961 1040 4020 nostrae
1061 3945 1178 4038 Sedis,

169 4234 198 4304 1)
237 4230 332 4288 nanu
351 4232 407 4299 vr,
428 4230 576 4287 sar-sae.
