3116 5002
469 885 612 967 GAPUT
642 881 890 971 SECUNDUM.

421 1095 480 1208 Do
529 1094 702 1206 Heracli
750 1099 931 1212 tctlest.

591 1373 782 1386 m·-

199 1637 330 1725 Quarto
366 1658 458 1706 anno
496 1646 573 1730 post
610 1634 760 1730 priorem
786 1634 830 1704 ad
856 1635 1011 1728 Sergium
1038 1640 1199 1735 scriptam

150 1757 351 1856 epistolam,
392 1756 518 1829 scilieet
555 1781 646 1861 anno
685 1756 779 1846 6887
821 1782 939 1830 mense
969 1759 1130 1852 Octobri,
1159 1788 1201 1834 ex

150 1884 214 1955 heo
241 1883 306 1952 vita
333 1883 487 1973 migravit
512 1879 705 1970 Honorius,
733 1893 767 1951 et
783 1881 954 1977 perillum
974 1898 1122 1978 quatuor
1137 1911 1201 1957 an·

150 2029 276 2079 norum
304 2004 488 2074 decursum
513 2001 637 2074 nullibi
661 2003 775 2073 literas
800 2005 905 2098 ipsius
931 2009 1159 2102 conspicimus
1180 2034 1199 2080 a

149 2126 380 2201 Monothelitis
405 2129 575 2196 invocatus
599 2125 644 2196 ad
661 2149 811 2196 errorem
825 2151 926 2198 suum
940 2128 1195 2221 stabiliendum,

150 2274 265 2347 noque
303 2249 345 2320 ad
380 2247 478 2320 illum
518 2247 778 2344 propagandum
807 2272 892 2320 nova
919 2249 1066 2320 adhibita
1094 2277 1199 2340 cona·

149 2377 265 2463 mina3
293 2372 354 2444 sed
378 2396 469 2444 anno
495 2371 591 2461 639,
620 2372 771 2442 Honorio
796 2373 851 2441 vix
878 2384 1035 2464 mortuo,
1051 2375 1116 2446 sub
1133 2400 1197 2448 no-

148 2501 243 2570 mine
260 2494 406 2568 Heraclii
423 2496 661 2591 Imperatoris⁷
688 2494 855 2564 haeretica
880 2494 1005 2588 prodiit
1026 2497 1194 2588 Eorum,

15 2625 17 2718 ζ
145 2623 226 2694 licet
263 2621 429 2715 scriptum
465 2618 573 2707 illud,
604 2617 697 2713 quod
723 2618 832 2712 probe
856 2619 1049 2690 notandum
1075 2633 1146 2710 est,
1176 2648 1196 2693 a

15 2823 16 2833 χ
146 2747 263 2838 Sergio
297 2747 372 2838 jam
409 2742 453 2812 ab
490 2766 582 2812 anno
616 2740 689 2823 686
714 2740 910 2812 confectum
937 2754 971 2814 et
996 2743 1194 2839 Imperatori

15 2905 17 2928 ι
146 2869 302 2940 oblatum
329 2865 459 2937 fuisset.
492 2862 717 2936 Difficultates
741 2877 775 2936 et
800 2864 1035 2937 altercationes
1060 2891 1103 2937 ex
1128 2892 1195 2962 pu·

15 3011 16 3016 ’
145 2991 270 3062 blioata
297 2988 361 3060 hac
385 2987 518 3059 Ecthesi
543 2983 700 3074 exortae,
720 3011 828 3081 quum
846 2988 995 3060 multum
1013 2991 1195 3060 inserviant

15 3127 16 3192 Ξ
145 3114 186 3185 ad
227 3112 368 3184 Honorii
400 3135 536 3182 oausam
563 3122 597 3180 et
622 3107 845 3205 epistolarum
871 3113 975 3205 ipsius
1001 3115 1193 3206 corruptio-

146 3262 227 3308 nem
261 3234 521 3323 illustrandam,
561 3231 747 3326 diligentur
785 3232 885 3304 nobis
921 3247 1001 3304 sunt
1038 3235 1194 3306 conside·

147 3359 287 3431 randae.

171 3477 364 3570 Bothesis‘,
402 3481 470 3550 sive
504 3479 668 3573 expositio
702 3476 911 3549 orthodoxae
948 3479 1029 3551 fidei
1037 3509 1049 3570 5
1082 3483 1194 3576 primo

146 3605 221 3678 looo
261 3601 470 3674 Catholioam
507 3600 550 3671 de
592 3599 651 3669 SS.
697 3599 868 3671 Trinitatis
893 3615 928 3672 et
951 3602 1194 3674 lncarnationis

146 3727 312 3824 Mysteriis
337 3724 534 3798 continebat
559 3734 652 3793 recte
676 3725 866 3817 expositam
894 3724 1023 3814 fidem3
1044 3738 1117 3795 tum
1139 3749 1194 3796 se-

146 3849 277 3930 cundo,
296 3848 466 3918 silentium
481 3845 525 3916 de
539 3841 659 3916 Christi
675 3846 929 3939 operationibus
942 3846 1193 3919 observandum

145 3972 345 4070 imponebat
370 3994 433 4067 per
457 3971 543 4040 haec
567 3968 695 4039 verba:
720 3968 840 4039 »nullo
858 3970 957 4040 modo
975 3972 1195 4044 concedentes

146 4096 254 4168 ulreur'
276 4121 319 4167 er
344 4095 499 4166 omuibus
523 4117 631 4164 uuum
655 4090 711 4162 vel
732 4093 821 4162 duos
844 4093 957 4164 dume
981 4094 1052 4165 eloe
1076 4096 1195 4182 docere

145 4220 357 4316 operationes
382 4221 420 4290 ia
446 4218 565 4294 divion
592 4215 733 4289 Domini
759 4214 1043 4307 iooorootrboe’'3
1061 4229 1096 4288 et
1113 4229 1190 4297 tan-
