3092 5000
603 467 672 541 rra
707 411 710 414 ’

124 644 189 716 »de
221 646 287 718 hoc
324 643 523 720 ostendere’'
553 645 591 735 ¹).
634 643 780 717 Assertio
813 643 897 716 haec
932 668 1049 714 ansam
1081 667 1151 714 non

126 771 281 863 praebuit
312 768 507 840 vindicandi
540 768 702 859 Honorii‚
737 793 816 840 cum
840 770 950 840 statim
979 792 1019 839 ac
1041 791 1154 838 cnun-

123 895 208 963 ciata
233 906 336 984 esset‚
365 905 400 964 et
424 893 611 988 Imperator
636 917 655 962 a
683 891 827 965 Macario
855 893 989 988 petisset
1019 904 1056 961 ut
1079 913 1152 960 eam

121 1017 347 1091 Conciliornm
362 1032 626 1115 sanctorumque
644 1021 781 1092 Petrum
800 1019 910 1090 verbis
923 1019 1152 1108 confirmaret,

119 1155 153 1212 et
178 1142 345 1214 Macarius
368 1143 404 1212 id
428 1167 464 1214 se
487 1143 655 1214 facturum
673 1166 745 1214 csse
758 1144 977 1238 promisisset.
1004 1142 1155 1214 Eandem

122 1267 371 1356 accusationem
399 1265 562 1338 Macarius
586 1265 699 1336 denuo
727 1266 868 1361 protulit
883 1268 1014 1337 actione
1026 1279 1155 1354 octava,

127 1388 186 1458 obi
224 1390 389 1482 susceptis
427 1414 446 1458 a
484 1388 625 1460 Concilii
657 1389 811 1460 Patribus
839 1387 1023 1482 Agathonis
1048 1390 1160 1483 Papae

125 1510 234 1582 literis
259 1511 456 1604 dogmaticis
482 1509 552 1581 fere
577 1509 669 1581 solus
681 1512 818 1601 restitit,
836 1512 945 1606 iisque
957 1512 1160 1582 haereticam

121 1659 220 1704 suam
236 1646 307 1705 tum
322 1657 380 1706 ore
397 1632 560 1728 prolatam
575 1645 647 1703 tum
667 1635 792 1728 scripto
805 1633 991 1706 confectam
1002 1633 1163 1730 opposuit

123 1757 206 1828 fidei
233 1756 470 1852 professionem
491 1758 530 1845 ²).
573 1755 640 1826 Sed
664 1780 777 1852 neque
793 1757 857 1828 hac
874 1760 1048 1830 occasione
1067 1757 1163 1829 locus

120 1895 195 1952 erat
219 1880 435 1952 defendendo
461 1879 625 1951 Honorio.
654 1881 769 1969 Quum
795 1885 885 1952 enim
914 1907 1001 1977 quae
1026 1883 1062 1952 in
1085 1903 1164 1973 pro-

120 2003 279 2075 fessionis
297 2003 589 2074 conlirmationem
616 2002 782 2074 Macarius
809 2004 997 2100 protulerat
1020 2005 1079 2074 SS.
1098 2003 1163 2072 Pa-

121 2140 215 2198 trum
242 2127 433 2197 testimonia
457 2150 537 2196 cum
564 2125 766 2196 authenticis
780 2125 956 2197 codicibus
981 2128 1041 2197 »in
1061 2147 1164 2196 vene-

122 2250 246 2320 »rabili
268 2246 499 2343 patriarchio'’
518 2248 701 2319 reconditis
717 2247 995 2340 conferebantur,
1020 2248 1161 2320 Honorii

121 2375 227 2444 verba
251 2374 372 2466 inspici
399 2384 502 2466 atque
527 2373 710 2461 examinari
738 2396 808 2442 non
836 2385 1012 2466 poterant,
1033 2374 1165 2466 quippe

122 2520 234 2592 quae,
275 2498 312 2566 in
348 2506 515 2590 quantum
544 2494 681 2590 quidem
708 2518 750 2565 ex
776 2494 916 2565 Concilii
943 2497 1024 2566 actis
1049 2494 1165 2586 colligi

15 2661 17 2694 f
121 2619 223 2710 licet‚
251 2642 270 2687 a
295 2617 439 2689 Macerio
465 2618 604 2689 caeteris
629 2617 766 2688 Patrum
794 2620 994 2689 testimoniis
1018 2642 1089 2688 non
1111 2640 1165 2688 es-

122 2754 201 2814 sent
227 2743 364 2810 inserta.

15 2953 17 2974 Ι
175 2864 301 2935 Octava
329 2875 364 2933 et
388 2887 477 2934 nona
503 2865 637 2934 actione
661 2864 806 2935 Macario
831 2867 973 2959 ejusque
998 2861 1164 2958 discipulo

15 3057 17 3082 ‚
124 2987 300 3082 Stephano
331 2985 590 3075 condemnatis,
618 2999 694 3081 post
720 2986 860 3056 relectas
885 2988 1030 3057 sessione
1055 2985 1166 3056 unde-

15 3087 16 3120 r
124 3112 215 3182 eima
240 3107 421 3202 Sophronii
445 3107 622 3202 synodicas
646 3107 760 3200 Legati
785 3108 953 3179 Pontificii
982 3110 1162 3204 petierunt,

126 3245 192 3304 »ut
216 3229 381 3327 quaedam
410 3232 544 3324 propria
566 3233 713 3325 scripta,
729 3243 863 3324 reperta
876 3231 970 3326 apud
982 3231 1164 3302 Macarium

128 3367 188 3426 »et
224 3353 455 3448 Stephanum,
496 3376 582 3448 quae
618 3354 663 3423 ab
693 3355 740 3424 eis
777 3353 889 3424 ablata
926 3368 1004 3426 sunt
1028 3368 1062 3426 et
1086 3366 1167 3424 sunt

129 3481 190 3549 »in
223 3475 497 3572 chartophylacio
531 3476 730 3547 venerabihs
764 3478 1001 3572 patriarchii...
1032 3479 1068 3548 in
1095 3501 1167 3548 me-

131 3601 255 3670 »dium
287 3601 446 3689 veniant,
474 3612 641 3694 quatenus
667 3624 755 3696 quae
782 3603 892 3672 ineis
918 3602 1023 3671 virtus
1042 3604 1166 3694 jaceat,

130 3720 416 3817 »cognoscatur.’'
458 3723 621 3815 Georgius
647 3724 916 3822 chartophylax,
939 3729 1038 3819 jussu
1053 3723 1168 3818 Impe-

131 3849 250 3918 ratoris
275 3843 480 3940 »paululum
499 3845 786 3938 subagrediens.‚.
806 3845 981 3919 confestim
1000 3868 1166 3933 reversus

153 4049 346 4064 -ῄ

168 4130 204 4219 1)
232 4147 303 4204 raia.
323 4148 383 4203 arr.

170 4230 496 4302 smmmem
