3140 5004
888 495 931 565 16

380 689 436 732 neo
473 669 609 753 crucifigi
638 671 757 755 potuit,
790 695 846 736 nee
876 673 1032 757 passiones
1055 673 1204 737 humanas
1227 670 1356 757 experiri
1379 667 1428 735 vel

379 770 498 855 perpeti
504 794 514 846 3
549 772 602 834 sed
632 779 756 858 propter
785 773 974 840 ineffabilem
1007 775 1254 860 conjunctionem
1275 774 1429 838 humanae

381 871 562 956 divinaeque
589 879 733 951 naturae,
766 875 880 940 ideireo
903 884 935 941 et
957 876 1072 960 ubique
1095 877 1179 940 Deus
1202 875 1317 939 dieitur
1341 873 1426 960 pati,

306 1045 312 1062 Ν
380 978 411 1036 et
438 972 614 1038 humanitas
637 997 674 1039 ex
698 975 782 1040 eoelo
806 999 876 1041 oum
899 977 1063 1058 diuinitate
1086 976 1286 1043 descendisse.
1332 974 1427 1039 Unde

379 1079 411 1137 et
431 1095 526 1138 unam
548 1075 736 1142 voluntatem
759 1077 890 1143 fatemur
912 1079 1040 1144 Domini
1071 1078 1170 1144 nostri
1192 1079 1267 1143 Jesu
1289 1075 1426 1153 Christi,

378 1174 450 1258 quia
483 1177 619 1262 profecto
654 1200 671 1241 a
705 1178 867 1246 divinitate
901 1188 1056 1266 assumpta
1090 1187 1137 1246 est
1169 1186 1273 1245 nostra
1295 1184 1425 1256 natura,

377 1299 440 1342 non
464 1277 574 1364 eulpa:
598 1279 654 1343 illa
676 1281 829 1365 profecto,
857 1305 934 1366 quae
958 1289 1029 1349 ente
1053 1289 1211 1368 peecatum
1236 1285 1424 1356 createrem,

376 1400 440 1443 non
464 1403 541 1464 quae
563 1388 634 1466 post
656 1383 945 1466 praevaricationem
968 1384 1086 1448 vitiata.

420 1481 562 1547 Christus
592 1482 676 1547 enim
705 1484 876 1563 Dominus,
899 1486 934 1550 iu
957 1485 1161 1550 similitudine
1186 1483 1284 1550 earnis
1306 1481 1427 1570 peccati

375 1583 516 1661 veniens,
541 1593 699 1669 peceatum
724 1587 833 1652 mundi
856 1587 1002 1666 abstulit,
1027 1593 1058 1652 et
1080 1589 1118 1651 de
1141 1585 1335 1672 plenitudine
1357 1584 1427 1670 ejus

377 1707 482 1749 omnes
515 1687 684 1772 accepimus
695 1713 705 1766 3
732 1696 763 1754 et
786 1689 913 1754 formam
937 1689 1015 1754 servi
1037 1688 1222 1774 suscipiens,
1245 1687 1355 1752 habitu
1375 1685 1426 1749 in·

375 1793 485 1851 ventus
521 1793 567 1852 est
600 1795 636 1852 ut
663 1789 771 1866 homo,
796 1791 869 1874 quia
892 1791 957 1856 sine
981 1797 1104 1876 peceato
1127 1795 1291 1875 conceptus
1313 1793 1360 1852 est
1382 1787 1425 1852 de

376 1886 494 1972 Spiritu
518 1889 646 1967 Sancto,
671 1890 764 1955 etism
787 1891 901 1975 absque
920 1899 1045 1978 peceato
1067 1899 1114 1957 est
1135 1898 1241 1978 partus
1260 1891 1298 1954 de
1317 1894 1425 1953 saneta

375 1995 407 2054 et
440 1988 636 2056 immaculata
668 1991 787 2077 virgine
818 1993 877 2058 Dei
910 1993 1075 2078 genitrice,
1110 1993 1232 2058 nullum
1264 1989 1425 2076 exponens

376 2091 553 2176 contagium
576 2092 701 2158 vitiatae
724 2100 860 2160 naturae.
883 2095 992 2160 Carnis
1015 2095 1097 2161 enim
1108 2093 1290 2159 vocabulum
1301 2090 1424 2155 duobus

378 2193 478 2258 modis
508 2193 600 2258 saonis
623 2194 754 2278 eloquiis
777 2195 852 2260 boni
874 2197 1006 2281 malique
1030 2195 1227 2282 eognovimus
1250 2190 1422 2269 nominari,

378 2294 459 2358 siout
492 2295 639 2379 seriptum
676 2302 742 2360 est:
779 2297 848 2360 Nou
862 2299 1048 2380 prrmauebit
1071 2297 1199 2380 Spiritus
1219 2317 1299 2360 meus
1320 2295 1353 2357 iu
1374 2294 1424 2356 io·

373 2396 503 2459 minibus
523 2397 603 2474 istis,
627 2398 697 2482 quie
719 2420 787 2462 euro
808 2407 887 2463 suut.
910 2399 952 2463 Et
973 2399 1161 2485 Apostolus:
1180 2400 1253 2462 Coro
1262 2404 1293 2460 et
1303 2394 1425 2477 suraquis

377 2519 495 2578 repuum
519 2498 579 2560 Dei
600 2521 657 2561 mom
677 2500 874 2580 possidebunt.
898 2500 940 2564 Et
965 2523 1103 2565 rursum:
1129 2502 1231 2570 Merite
1252 2498 1345 2562 servio
1364 2496 1423 2577 lepi

378 2599 453 2673 Dei,
488 2621 575 2662 rurue
608 2607 705 2664 autem
739 2602 795 2682 tepi
821 2603 948 2684 percuti.
995 2605 1037 2667 Et
1058 2603 1141 2667 uideo
1163 2602 1254 2666 ulium
1280 2601 1368 2681 teqem
1386 2597 1421 2660 iu

376 2698 509 2763 membris
537 2701 623 2778 meis,
657 2711 864 2784 rrpuqmuutem
898 2705 955 2785 tepi
974 2705 1079 2768 meritis
1110 2725 1190 2768 meur
1214 2709 1243 2766 et
1272 2700 1420 2784 captiuum

372 2821 417 2862 me
451 2802 926 2886 truiemtemiuteprmpeoruti,
950 2810 1089 2890 quaeest
1113 2805 1146 2868 iu
1171 2803 1304 2868 membris
1326 2801 1417 2876 meis3

373 2936 418 2950 -
441 2906 472 2964 et
492 2900 552 2965 alia
572 2901 670 2966 multa
691 2903 868 2987 hujusmodi
890 2905 924 2968 in
947 2906 1027 2970 malo
1050 2905 1188 2970 absolute
1212 2903 1311 2968 solent
1329 2900 1420 2966 intel·

373 3001 431 3086 ligi
462 3002 510 3066 vel
543 3003 653 3067 vocari.
700 3005 740 3068 In
762 3004 844 3069 bono
868 3013 970 3071 autem
992 3007 1058 3084 ita,
1083 3006 1173 3071 Esaia
1199 3005 1348 3092 prophete
1374 3001 1419 3065 di-

373 3109 479 3167 oente:
511 3104 612 3168 Veniet
644 3107 737 3169 ommis
769 3130 837 3170 mro
862 3109 896 3170 iu
918 3109 1121 3185 Hierusalem,
1146 3116 1175 3172 et
1196 3109 1361 3172 odorabunt
1384 3103 1417 3168 iu

372 3212 523 3287 compertu
553 3229 622 3270 meo.
668 3207 711 3270 Et
732 3207 813 3272 Job:
838 3211 877 3272 Iu
905 3232 992 3273 eurue
1014 3232 1078 3273 meu
1100 3211 1200 3274 uidebo
1224 3210 1329 3273 Deum.
1377 3205 1419 3268 Et

273 3369 277 3377 ,
372 3304 467 3368 alias:
499 3307 614 3372 Videbit
636 3309 729 3371 ommis
751 3331 818 3372 raro
842 3310 974 3374 satutare
995 3311 1064 3375 Dei.
1100 3311 1141 3374 Et
1164 3309 1224 3374 alia
1246 3309 1372 3374 diversa.

417 3406 491 3469 Non
514 3414 560 3471 est
581 3408 686 3491 itaque
708 3417 880 3496 assumpta,
912 3411 992 3476 siout
1014 3411 1142 3496 praefati
1165 3433 1286 3487 sumus,
1315 3433 1333 3472 a
1356 3408 1420 3473 Sal·

371 3513 474 3572 vatore
503 3507 610 3572 vitiata
643 3515 771 3592 natura,
805 3534 883 3595 quae
911 3520 1094 3598 repugnaret
1115 3513 1177 3598 legi
1198 3511 1310 3577 mentis
1334 3510 1418 3594 ejus,

372 3610 424 3674 sed
448 3610 527 3674 uerit
548 3632 686 3695 quaerere
711 3620 740 3675 et
761 3615 877 3677 satiare
898 3617 977 3700 quod
989 3616 1142 3697 perierat,
1156 3614 1264 3692 idest,
1276 3612 1418 3677 vitiatam

370 3710 499 3776 humani
525 3711 645 3797 generis
668 3719 818 3778 naturam.
864 3715 947 3779 Nam
969 3716 1020 3780 lex
1046 3714 1106 3779 alia
1135 3715 1171 3779 in
1196 3713 1340 3780 membris
1363 3720 1419 3778 aut

370 3812 513 3877 voluntas
547 3812 666 3878 diversa
701 3837 765 3878 non
795 3815 856 3879 fuit
889 3816 939 3881 vel
970 3817 1121 3881 contraria
1150 3815 1316 3893 Salvatori‚
1344 3814 1420 3899 quia

372 3933 462 3997 super
483 3913 582 4000 legem
604 3922 696 3980 natus
718 3922 766 3980 est
787 3916 937 3982 humanae
961 3917 1156 3982 conditionis.
1181 3918 1223 3982 Et
1245 3917 1271 3981 si
1291 3917 1418 4001 quidem

372 4013 519 4098 seriptum
553 4022 618 4079 est:
643 4017 713 4080 Nou
735 4019 803 4082 erui
814 4020 927 4104 furere
947 4021 1127 4083 volumtatem
1150 4041 1260 4098 meum,
1283 4021 1336 4083 sect
1355 4020 1419 4104 rjus

276 4161 279 4167 .
370 4113 421 4197 qui
443 4116 523 4178 misit
544 4138 588 4178 me
611 4119 712 4182 Putris
719 4144 728 4196 3
753 4156 797 4168 -
820 4125 870 4183 et:
896 4122 966 4183 Nou
987 4123 1065 4205 quod
1087 4143 1138 4202 epo
1159 4123 1240 4198 uoto,
1264 4125 1317 4186 sert
1334 4121 1421 4207 ,quod

371 4222 404 4277 tu
426 4216 479 4291 uis,
505 4218 612 4292 Putem
629 4227 719 4284 -et
742 4221 802 4284 alia
824 4220 1017 4304 hujusmodi,
1031 4243 1095 4285 non
1110 4229 1182 4286 sunt
1194 4221 1268 4288 haec
1279 4222 1416 4288 diversae
