3092 5000
629 451 678 527 95

133 631 215 708 haec
246 638 487 732 respondebat7
514 652 666 734 tempore
700 639 890 708 Honorium
925 636 1083 706 habuisse
1102 615 1177 703 vere

135 760 347 832 Catholicum
372 785 412 832 ac
436 760 688 832 Monothelismi
713 761 956 831 adversarium.

182 883 398 956 Praedictam
437 883 652 978 Imperatoris
689 883 888 978 epistolam,
933 885 1063 954 Domno
1089 884 1180 978 Papa

132 1007 263 1078 interea
291 1018 446 1095 mortuo,
475 1008 603 1100 recepit
629 1030 802 1077 successor
827 1010 900 1099 ejus
925 1004 1078 1098 Agatho,
1107 1007 1178 1099 qui,

133 1151 171 1198 re
203 1129 240 1197 in
267 1127 404 1224 Synodo
432 1127 586 1197 Romana
613 1130 706 1222 prius
731 1127 937 1216 deliberata,
965 1127 1181 1222 Imperatoris

131 1252 218 1322 votis
244 1275 421 1341 annuens,
448 1249 645 1345 duplicem7
673 1251 815 1321 alteram
841 1249 912 1321 solo
934 1274 1015 1338 suo7
1040 1249 1182 1320 alteram

136 1397 199 1444 suo
236 1386 271 1442 et
288 1439 290 1442 .
307 1375 481 1444 Romanae
519 1372 647 1468 Synodi
679 1375 840 1461 nomine7
873 1372 1077 1464 legationem
1103 1395 1182 1442 curn

138 1495 270 1590 duplici
303 1496 418 1566 itidem
446 1494 587 1590 epistola
614 1498 683 1566 sive
708 1497 929 1567 instructione
961 1497 1052 1566 misit
1094 1494 1191 1588 Con-V

139 1618 410 1714 stantinopolim.
458 1620 583 1690 Verum
614 1633 651 1690 ul
676 1622 889 1712 argumenti⁷
918 1617 1008 1713 quod
1030 1641 1072 1690 ex
1100 1618 1184 1687 utri-

139 1765 250 1836 usque
274 1740 436 1836 epistolae
462 1743 571 1812 verbis
598 1741 810 1831 conficietur,
838 1743 887 1812 vis
914 1740 1033 1812 melius
1058 1738 1184 1810 intelli-

139 1877 253 1956 gatur,
294 1865 329 1933 in
372 1866 571 1935 memoriam
610 1888 768 1935 revocare
800 1869 914 1958 juvat,
942 1863 1184 1958 argumentum

139 1985 231 2055 illud
260 1989 405 2081 'proprie
445 1989 531 2057 tertii
567 2012 669 2081 supra
706 1989 848 2081 expositi
884 1988 1075 2078 argumenti
1114 2011 1186 2057 esse

140 2109 457 2203 complementum,
497 2135 606 2204 quum
648 2134 689 2180 ex
723 2134 763 2180 eo
789 2109 1096 2180 demonstrandum
1122 2110 1184 2198 sit,

141 2256 243 2302 nonno
257 2258 407 2324 oronim
437 2257 519 2316 queo
544 2258 666 2302 snxrou
695 2256 859 2302 cononum
885 2257 1076 2320 rainerum,
1105 2256 1187 2300 mu-

140 2377 224 2422 roan
238 2408 248 2442 ,
264 2378 326 2449 pro
352 2355 514 2426 damnato
540 2379 600 2425 suo
618 2355 716 2450 Typo
733 2379 753 2423 a
769 2354 998 2426 Monothelitis
1015 2357 1186 2424 invocatas

143 2499 218 2546 esse
242 2477 383 2548 Honorii
407 2477 532 2548 literas.

194 2571 286 2668 llaec
310 2602 424 2694 itaque
448 2601 483 2669 in
510 2601 611 2694 priori
638 2599 799 2694 epistola‚
827 2598 871 2669 de
896 2600 931 2670 S.
959 2601 1060 2670 Petro
1095 2597 1190 2694 Apo-

144 2720 232 2791 stolo
255 2721 421 2816 loquensq
450 2725 496 2792 ait
520 2720 674 2815 Agatho:

190 2953 284 3038 Cujus
305 2955 463 3020 annitente
484 2955 650 3040 praesidio,
675 2955 749 3020 haec
772 2955 948 3040 Apostoliea
970 2956 1035 3040 ejus
1057 2955 1192 3020 Ecclesia

146 3077 317 3138 numquam
345 3056 433 3120 avia
456 3055 593 3120 veritatis
616 3056 651 3120 in
673 3057 810 3140 qualibet
832 3056 941 3120 erroris
964 3063 1050 3141 parte
1074 3057 1191 3120 deflexa

146 3163 213 3234 est,
237 3156 323 3240 cujus
343 3158 572 3237 auctoritatem,
595 3164 703 3242 utpote
726 3157 945 3241 Apostolorum
957 3157 1094 3222 omnium
1106 3155 1193 3222 Prin·

132 3258 240 3343 cipis,
273 3281 389 3344 semper
420 3259 519 3323 omnis
542 3259 701 3323 Catholiea
723 3259 836 3323 Christi
860 3259 995 3324 Ecclesia
1017 3266 1048 3324 et
1071 3259 1191 3324 univer·

149 3360 229 3438 sales
250 3360 367 3444 Synodi
388 3361 518 3425 fideliler
540 3360 774 3445 amplectentes,
793 3360 828 3425 in
847 3361 966 3426 cunctis
978 3369 1097 3427 secutae
1109 3369 1192 3440 sunt,

147 3479 316 3545 omnesque
347 3457 532 3526 venerabiles
565 3463 671 3526 Patres
702 3461 912 3546 Apostolieam
936 3463 1000 3548 ejus
1023 3464 1192 3528 doctrinam

149 3562 302 3651 amplexi,
325 3585 379 3647 per
402 3586 493 3647 quam
516 3570 546 3626 et
568 3561 781 3647 probatissima
803 3564 955 3630 Ecclesiae
978 3565 1093 3629 Christi
1103 3565 1193 3629 lumi-

149 3664 237 3729 naria
279 3666 470 3728 claruerunt:
505 3672 535 3728 et
569 3665 667 3729 saneti
701 3665 824 3749 quidem
859 3667 996 3731 doctores
1031 3666 1194 3730 orthodoxi

149 3765 286 3831 venerati
308 3772 400 3850 atque
423 3764 520 3831 secuti
543 3772 633 3843 sunt,
657 3766 801 3830 haeretici
824 3773 926 3832 autem
948 3767 1032 3832 falsis
1056 3767 1192 3831 erimina·

149 3867 288 3937 tionibus
308 3891 343 3932 ae
365 3867 596 3953 derogationum
619 3866 697 3930 odiis
719 3868 850 3933 insecuti
853 3913 905 3932 .....

197 3969 282 4034 Haec
304 3975 350 4034 est
372 3969 454 4034 enim
476 3991 562 4033 verae
583 3966 654 4032 fidei
676 3968 794 4054 regula,
819 3992 910 4053 quam
932 3976 963 4034 et
984 3970 1018 4033 in
1039 3969 1192 4056 prosperis

150 4075 184 4135 et
217 4070 251 4134 in
285 4070 416 4134 adversis
438 4068 581 4134 vivaciter
614 4068 716 4132 tenuit
738 4091 772 4133 ae
795 4070 933 4134 defendit
954 4070 1028 4136 haec
1050 4071 1196 4156 spiritalis

140 4157 250 4236 ‘mater
284 4171 376 4236 vestri
410 4168 654 4254 tranquillissimi
688 4169 830 4255 imperii,
865 4172 1043 4256 Apostolica
1079 4170 1195 4236 Chiisti
