3116 5002
649 475 780 576 ar·

143 673 217 724 esse
243 676 383 742 verum,
411 649 580 745 colligitur
603 676 674 723 nou
699 653 808 723 solum
836 676 878 723 ex
914 653 979 723 hac
1007 652 1196 725 haeretico·

147 799 224 846 rum
252 775 376 868 agendi
400 777 550 864 ratione,
578 774 764 846 sedetiam
791 798 833 845 ex
859 775 970 847 verbis
995 775 1032 846 S.
1055 775 1194 846 Maximi

147 897 327 968 scribentis
341 897 385 968 ad
397 898 537 967 Petrum
563 896 758 967 lllustrem:
785 896 891 984 »Quis
919 900 994 992 pius
1018 911 1051 968 et
1076 898 1193 970 ortho-

143 1018 278 1090 »doxus
303 1044 374 1090 non
387 1018 590 1114 supplicavit
602 1021 761 1108 antistes,
781 1042 911 1091 cessare
929 1020 1036 1091 illosa
1055 1023 1196 1117 propria

145 1141 301 1212 »haeresi
327 1140 509 1234 clamando
535 1155 569 1212 et
594 1139 797 1212 obtestando
811 1141 866 1232 9³³3
894 1157 928 1213 et
955 1157 1031 1238 post
1058 1167 1190 1239 pauca:

143 1263 259 1351 »Quid
283 1277 397 1335 autem
424 1278 458 1335 et
483 1264 619 1336 divinus
643 1261 836 1354 Honorius7
865 1264 947 1359 quid
963 1289 1044 1337 vero
1062 1279 1096 1337 et
1119 1278 1195 1361 post

145 1419 159 1446 n
167 1384 266 1456 illum
295 1386 473 1458 Severinus
498 1409 625 1478 senex,
654 1386 733 1482 quid
761 1386 909 1482 denique
922 1401 956 1458 et
971 1389 1020 1477 is,
1045 1389 1103 1483 qui
1118 1400 1195 1484 post

147 1508 266 1579 »hunc
291 1510 422 1599 extitit,
450 1529 546 1580 sacer
581 1510 760 1582 loannes?
809 1509 914 1580 Porro
939 1512 991 1599 is.,
1018 1511 1076 1605 qui
1100 1533 1195 1598 nunc

147 1631 341 1725 »praesidet
365 1629 578 1702 beatissimus
598 1632 711 1727 Papa,
727 1631 839 1701 omisit
855 1632 1041 1726 quidquam
1060 1630 1194 1727 suppli-

147 1753 297 1823 »cationi
334 1755 540 1825 couveniens
553 1751 593 1823 ‚³³³
630 1755 679 1843 ¹)3
718 1776 805 1848 quae
838 1753 874 1824 S.
902 1752 1041 1824 Maximi
1067 1755 1192 1844 verba,

146 1877 318 1970 scriptoris
344 1899 415 1947 non
440 1889 573 1947 tantum
600 1877 734 1965 coaevi,
761 1874 821 1946 sed
846 1888 880 1946 et
904 1877 1033 1962 omnia,
1053 1879 1195 1972 quaein
1231 1855 1236 1863 ⁸

146 2016 248 2068 causa
275 1995 526 2070 Monothelismi
551 2010 624 2068 acta
654 2011 758 2085 sunt,
785 1998 914 2093 optime
939 2000 1193 2093 pernoscentis,

146 2119 238 2190 clare
263 2119 470 2210 ostendunt,
498 2121 548 2190 uti
576 2120 822 2214 subsequentes
854 2121 964 2191 abeo
993 2132 1195 2192 memoratos

145 2243 317 2313 Romanos
358 2242 560 2331 Pontifices,
587 2243 633 2313 ita
657 2254 692 2313 et
716 2242 903 2313 Honorium
930 2242 1041 2313 dictae
1065 2243 1195 2313 haeresi

146 2366 332 2455 restitisse3
359 2389 565 2460 quamquam
594 2388 735 2455 eorum,
764 2388 851 2460 quae
875 2365 940 2436 hac
964 2367 1000 2436 in
1019 2390 1120 2436 causa
1136 2362 1196 2435 ille

147 2481 232 2557 sive'
253 2489 423 2582 scripserit
455 2489 523 2558 sive
565 2485 703 2575 fecerit,
742 2486 879 2564 nullum
915 2491 989 2582 jam
1027 2489 1196 2583 reperitur

147 2609 325 2700 vestigium
339 2639 349 2699 ς
364 2610 478 2703 quod,
498 2633 571 2680 mea
584 2608 723 2704 quidem
740 2610 920 2699 sententia,
931 2609 1193 2698 haereticorum

149 2730 244 2802 Isacii
269 2732 462 2826 imprimis⁷
490 2730 601 2802 fraudi
633 2730 896 2801 adscribendum
925 2745 988 2802 est.
1040 2734 1126 2803 Nam
1154 2732 1198 2803 de

148 2853 219 2924 viro
245 2853 308 2923 isto
332 2855 494 2948 patricio,
515 2854 563 2923 od
577 2878 697 2948 quem,
716 2866 755 2922 ut
775 2851 877 2923 refert
902 2853 1010 2949 Cyrus
1026 2855 1073 2944 ²),
1092 2856 1197 2926 desta>
1269 2879 1271 2882 ·

148 2988 234 3046 outo
260 2971 333 3066 fcit
358 2975 532 3064 Ecclesia,
564 3001 669 3070 quom
688 2975 783 3046 deber
802 2973 972 3070 profiteri
999 2976 1195 3068 Somnus,

149 3099 214 3191 qui
238 3098 421 3168 ordinetur
450 3100 489 3168 in
519 3097 651 3186 Romo,
679 3099 714 3166 in
740 3099 805 3167 vita
831 3122 892 3167 sua
918 3099 1069 3169 Severini
1085 3101 1197 3194 Papae

150 3242 261 3313 pauca
299 3220 466 3313 quaedam
510 3231 624 3292 narrat
661 3216 877 3308 Anastasius,
909 3245 998 3314 quae
1023 3243 1194 3290 summam

152 3353 329 3411 merentur
366 3343 470 3411 animi
501 3341 744 3429 attentionem,
775 3339 926 3435 mihique
951 3365 1067 3412 ansam
1098 3365 1197 3437 prae-
1272 3389 1283 3415 t

151 3462 259 3532 bu'ere
284 3463 480 3558 suspicandi
504 3464 611 3533 Isacii.

199 3585 293 3656 Haec
317 3587 433 3682 itaque
458 3585 554 3682 apud
580 3608 659 3654 eum
692 3581 882 3676 leguntur:

196 3795 373 3876 severinus,
409 3797 533 3862 natione
567 3795 741 3873 Romanus,
777 3819 815 3860 ax
849 3803 936 3881 patre
958 3793 1094 3875 Abieno,
1118 3796 1198 3863 sedit

153 3921 268 3963 manses
291 3896 385 3975 duos,
410 3898 474 3963 dies
498 3904 638 3982 quatuor.
674 3895 776 3982 Hujus
798 3897 985 3982 temporibus
1007 3899 1198 3966 devastatum

190 4146 218 4216 1)
254 4144 349 4202 Labbo
369 4147 410 4214 V,
430 4145 508 4202 1767.

187 4229 215 4299 2)
252 4229 347 4287 Labbe
366 4230 425 4298 VI,
445 4231 505 4285 201.
