3092 5000
854 481 902 561 62

348 672 411 735 »ut
434 657 479 736 ab
504 659 673 760 ejusmodi
698 665 885 736 damnabili
910 668 1058 737 novitate
1082 665 1312 751 abstinerentq
1352 655 1402 731 ad

347 789 616 858 »correctionem
642 812 712 859 non
733 786 968 876 venerunt'’¹).
1021 786 1180 858 Similiter
1197 788 1232 856 in
1251 781 1400 880 epistola

346 909 541 1005 encyclica,
578 910 622 980 ad
649 934 768 981 omnes
793 909 915 981 Christi
940 908 1080 999 fideles,
1108 911 1174 979 ait:
1230 907 1402 1000 »Propter

350 1055 494 1125 »pravas
534 1056 654 1104 eorum
697 1032 952 1104 adinventiones
985 1045 1019 1102 et
1053 1032 1207 1127 praviora
1243 1028 1403 1134 novitatis

351 1167 592 1245 »commenta7
632 1169 666 1225 et
702 1157 738 1225 in
778 1156 937 1226 interiora
976 1153 1107 1243 cordis,
1131 1157 1230 1247 juxta
1256 1152 1401 1221 beatum

352 1274 580 1365 »deremiam‚
607 1277 800 1348 conturbati
827 1275 1012 1347 catholicae
1038 1275 1281 1347 recordationis
1302 1283 1403 1343 ante-

352 1429 365 1458 »
375 1419 523 1468 cessores
536 1399 850 1489 nostfflonufices,
866 1423 937 1470 non
955 1399 1158 1470 destiterunt.
1172 1397 1405 1468 admonentes

354 1542 435 1590 »eos
458 1533 493 1590 et
509 1533 738 1592 contestantes
758 1521 917 1592 recedere
937 1547 957 1592 a
977 1546 1036 1592 sua
1060 1519 1257 1612 hujusmodi
1270 1516 1404 1588 haeresi
1538 1623 1539 1630 ἵ

356 1654 414 1711 »et
440 1666 558 1713 sanam
585 1643 776 1715 doctrinam
802 1643 963 1739 amplecti
968 1699 1040 1715 .....
1094 1643 1167 1715 Hoc
1188 1653 1305 1712 autem
1320 1661 1407 1709 con-

356 1763 560 1836 »sultissime
600 1791 671 1838 non
701 1766 810 1838 solum
836 1769 900 1861 ipsi
925 1767 1078 1838 effecisse
1102 1777 1314 1852 noscuntur,
1343 1761 1405 1832 sed

358 1897 416 1955 »et
440 1885 496 1955 alii
523 1887 641 1982 plures
665 1883 812 1959 diversas
829 1890 1017 1983 provincias
1034 1888 1226 1960 habitantes
1243 1907 1409 1957 reveren-

358 2007 509 2108 »dissimi
536 2008 711 2104 Episcopi,
739 2023 774 2080 et
799 2015 909 2104 majus
934 2025 985 2082 est
1010 2011 1143 2101 dicere,
1167 2007 1406 2104 generalitates

358 2130 627 2226 »Synodorum‚
655 2155 718 2227 per
752 2157 812 2202 sua
837 2134 961 2228 scripta
988 2157 1057 2204 non
1083 2133 1194 2204 solum
1220 2123 1409 2216 invitantes

360 2253 569 2324 »emendare
595 2256 769 2349 propriam
794 2254 981 2345 haeresim,
1009 2256 1069 2326 sed
1095 2269 1129 2327 et
1155 2279 1217 2326 nos
1242 2257 1355 2350 ipsos,
1372 2249 1408 2320 id

359 2388 446 2465 »est,
466 2374 696 2470 Apostolicam
714 2388 866 2446 nostram
882 2376 1007 2448 Sedem
1024 2375 1267 2472 conjurantes”
1290 2388 1358 2446 etc.
1384 2373 1411 2458 ¹)

359 2494 534 2585 Tandem„
565 2510 603 2568 ut
631 2511 742 2568 cetera
780 2498 833 2568 his
864 2498 984 2569 similia
1010 2502 1201 2571 testimonia
1228 2500 1406 2602 omittam,

358 2620 403 2688 ita
441 2621 575 2714 scripsit
599 2619 755 2691 Pontifex
783 2620 826 2690 ad
852 2620 1101 2715 Trajectensem
1134 2622 1343 2717 Episcopum
1371 2619 1409 2689 S.

359 2739 576 2811 Amandum:
632 2740 744 2812 »Ante
760 2742 822 2812 hos
839 2767 947 2814 annos
967 2742 1043 2838 plus
1062 2746 1176 2816 minus
1192 2743 1408 2839 quindecim,
1464 2817 1469 2830 ,

361 2888 403 2931 »a
446 2863 561 2955 Sergio
601 2862 685 2934 falso
721 2863 888 2961 Episcopo
931 2865 1332 2962 Constantinopolitano‚
1375 2867 1413 2934 in

363 2983 511 3056 »auxilio
549 2983 698 3056 habente
723 2999 806 3057 tunc
830 2979 1057 3082 imperantem
1083 2988 1303 3077 Heraclium7
1332 3011 1416 3058 exe-

364 3139 377 3166 »
387 3106 514 3176 oranda
541 3119 576 3176 et
600 3107 831 3179 abominanda
856 3108 1001 3181 haeresis
1020 3110 1285 3206 pullulavit7....
1307 3134 1416 3206 quam

365 3261 378 3288 »
388 3253 563 3300 successor
600 3232 675 3323 ejus
712 3231 884 3326 Pyrrhus,
924 3232 1085 3329 idemque
1113 3234 1326 3329 Episcopus,
1354 3235 1417 3329 qui

365 3350 581 3422 »ambitionis
618 3350 706 3422 fastu
736 3351 1149 3450 Constantinopolitanam
1176 3356 1302 3426 Sedem
1329 3357 1416 3426 arri-

365 3504 380 3531 »
393 3473 484 3565 puitt
512 3474 548 3541 in
573 3472 721 3543 deterius
746 3475 855 3545 auxit.
884 3475 949 3545 Pro
974 3502 1040 3572 qua
1059 3502 1096 3549 re
1113 3481 1249 3575 saepius
1266 3477 1430 3572 Aposto-'

367 3591 454 3662 »lica
490 3592 593 3663 Sedes
635 3595 927 3688 persuasionibus‚
973 3583 1276 3672 contestationibus
1315 3613 1420 3695 atque

330 3797 333 3804 ,
369 3715 681 3810 »increpationibus
721 3715 874 3810 plurimis
910 3719 1089 3792 admonuit
1126 3702 1205 3812 eos,
1247 3733 1421 3819 quatenus

371 3867 384 3894 »
394 3835 437 3904 ab
463 3836 631 3929 ejusmodi
656 3859 770 3907 errore
797 3837 995 3911 recederent
1018 3856 1052 3912 et
1069 3843 1111 3914 ad
1128 3844 1249 3916 lumen
1270 3846 1418 3938 pietatis,

372 3977 437 4024 »cx
463 3980 530 4050 quo
556 3957 641 4052 lapsi
666 3972 767 4045 sunt,
795 3974 998 4033 remearent.
1053 3963 1092 4034 Et
1118 3991 1189 4038 non
1215 3966 1333 4038 solum
1355 3967 1422 4037 hoc

375 4103 591 4120 ¹*—

410 4155 438 4224 1)
475 4157 546 4213 Ibid.
567 4163 592 4214 6.

411 4237 439 4303 2)
475 4237 546 4294 Ibid.
566 4243 626 4295 375.
