3092 5000
620 446 685 518 tal

187 622 389 719 Respondeo
416 622 450 694 1.
490 622 603 716 Legati
628 621 883 715 diligentissime
907 621 1047 718 quidem
1064 621 1172 694 functi

137 762 217 820 sunt
253 771 395 819 munere
431 771 505 819 suo.
545 747 632 837 Sed,
660 760 827 842 quantum
853 748 897 818 ad
922 773 995 821 rem
1020 761 1172 820 nostram

136 873 271 961 attinet,
312 871 394 966 quid
428 894 471 942 ex
507 870 686 943 collatione
708 870 930 966 exemplaris,
957 895 976 941 a
1006 872 1170 963 Macerio,

138 1019 241 1091 quem
279 995 435 1066 codicum
472 1001 706 1090 corruptorem
743 996 958 1086 nesciebant,
993 995 1171 1092 producti,

138 1141 217 1190 cum
255 1118 440 1214 exemplari
472 1143 514 1190 ex
550 1118 753 1189 bibliotheca
787 1118 1171 1215 constantinopolitana,
1201 1146 1204 1153 ·

138 1246 235 1337 cujus
258 1243 430 1337 corruptio
455 1243 535 1337 ipsis
560 1265 666 1336 aeque
685 1224 854 1335 incognita
871 1255 963 1334 erat,
979 1242 1096 1337 allato,
1112 1268 1174 1338 pro

9 1417 10 1474 4
137 1367 310 1437 literarum
339 1367 529 1460 integritate
555 1367 649 1461 sequi
674 1367 799 1460 possit,
835 1365 937 1461 plane
970 1391 1040 1438 non
1062 1366 1172 1439 video.

9 1575 10 1590 χ
153 1498 154 1502 ’
188 1489 390 1584 Respondeo
424 1490 460 1561 b.
512 1489 627 1582 Legati
652 1490 795 1560 Romani
828 1514 889 1580 eo,
928 1515 995 1586 quo
1035 1491 1175 1561 Honorii

9 1603 10 1680 i
138 1638 237 1684 causa
270 1615 444 1707 agebatur,
480 1625 674 1703 momento,
710 1612 754 1684 de
782 1612 954 1685 literarum
981 1612 1050 1685 fide
1074 1626 1175 1708 atque

9 1787 10 1816 2
139 1738 330 1830 integritate
371 1761 416 1808 ne
460 1738 598 1807 minime
637 1735 776 1832 quidem
817 1737 1043 1828 dubitarunt,
1087 1760 1176 1832 pene

140 1859 306 1950 dixerim,
333 1859 489 1931 dubitare
514 1883 583 1930 non
616 1872 815 1954 potuerunt.
856 1860 1034 1931 Notissima
1060 1861 1173 1951 enim,

9 2061 10 2092 ,
138 1996 258 2076 utpote
288 1984 420 2078 saepius
445 1984 488 2055 ab
512 1984 686 2055 haereticis
711 1983 864 2078 objecta,
892 2007 980 2078 quae
1005 1983 1176 2055 Honorius

9 2103 10 2150 3
139 2130 254 2178 revera
292 2108 489 2201 scripserat,
529 2107 570 2176 de
598 2131 669 2177 uuo
701 2106 830 2178 Circeii
863 2106 1038 2177 voluntate
1075 2107 1176 2178 verbe

9 2245 10 2308 t
139 2230 258 2302 iisdem
300 2230 404 2301 literis
447 2229 723 2300 continebantur.
780 2229 881 2317 Quod
922 2243 1096 2325 praeterea
1135 2254 1177 2301 ex

9 2333 10 2360 i
142 2353 341 2445 traditione,
381 2377 467 2448 quae
505 2353 633 2424 Romae
657 2352 810 2445 vigebat,
838 2367 958 2425 notum
981 2367 1075 2442 erat,
1103 2353 1176 2425 Ho-

91 2489 94 2494 “
141 2479 275 2548 norium
313 2500 439 2571 nempe
480 2477 583 2568 magis
620 2475 830 2547 obsecrando
871 2501 973 2572 quam
1005 2477 1177 2570 arguendo

10 2619 11 2638 ³
140 2601 316 2671 haereticis
353 2601 394 2671 dc
429 2625 502 2671 unu
530 2598 659 2670 Cbriati
692 2600 886 2693 opautioue
910 2598 1082 2672 silentium
1108 2602 1175 2670 im-

141 2721 312 2820 posuisse,
346 2723 450 2795 literis
476 2724 512 2792 in
539 2721 675 2818 Synodo
702 2722 841 2818 prolatis
866 2735 1065 2794 contentum
1091 2747 1179 2795 con·

141 2846 357 2942 spiciebatur.
401 2847 525 2918 Verum
553 2845 692 2940 quidem
717 2858 789 2936 est,
817 2847 916 2916 ctiam
943 2848 1068 2917 mirum
1094 2845 1179 2917 illud

143 2970 321 3042 Catholicis
358 2971 557 3064 impositum
596 2971 637 3042 de
673 2968 804 3064 duplici
836 2969 965 3040 Christi
987 2971 1180 3064 operatione

142 3094 313 3164 silentium
337 3092 456 3164 iisdem
474 3094 566 3164 hisce
594 3092 697 3163 literis
724 3093 910 3182 contineri,
930 3091 989 3164 sed
1007 3092 1178 3187 quomodo

142 3217 289 3288 dubitari
313 3216 499 3310 potuissent
523 3215 566 3284 de
590 3215 781 3307 integritate
805 3214 907 3309 hujus
934 3216 1063 3304 moniti,
1088 3214 1180 3310 quod

142 3341 373 3413 contineretur
394 3338 589 3408 authentica
605 3339 709 3433 ipsius
725 3337 865 3409 Honorii
880 3338 1023 3434 epistola
1036 3338 1180 3410 Latina?

143 3464 235 3534 Num
248 3460 352 3533 {idem
365 3461 531 3554 denegare
543 3462 828 3555 potuissenthisce
836 3461 944 3532 literis
956 3462 1180 3534 authenticis?

144 3587 211 3658 Sed
225 3610 338 3657 nonne
349 3610 390 3658 ex
403 3610 444 3657 eo
456 3585 621 3657 tabulario
635 3585 830 3680 prodierant
844 3586 1081 3677 haehterae,in
1095 3611 1177 3682 quo,

143 3723 262 3805 utpote
277 3709 322 3780 ad
337 3709 566 3780 Patriarcham
587 3708 995 3804 Constantinopolitanum
1014 3711 1178 3804 scriptae,

144 3846 178 3905 et
190 3855 263 3904 esse
279 3844 313 3903 et
329 3836 517 3904 conservari
532 3833 724 3905 deberent?
739 3833 862 3904 Nonne
875 3857 917 3904 ex
931 3858 971 3904 eo
989 3833 1181 3927 prodierant

143 3956 329 4046 tabulario,
349 3979 428 4027 cum
442 3960 541 4051 cujus
555 3954 728 4028 codicibus
743 3956 802 4027 SS.
817 3957 953 4027 Patrum
973 3957 1177 4048 testimonia,

143 4092 177 4152 et
201 4080 245 4150 ab
269 4078 445 4172 Agathone
462 4080 553 4174 Papa
572 4091 642 4149 eta
659 4077 803 4149 Macaria
828 4080 995 4150 haeretico
1021 4079 1177 4172 allegata,

144 4203 265 4276 collata
281 4215 410 4293 essent,
431 4205 512 4298 quin
532 4202 620 4273 ullus
645 4201 887 4305 Episcoporum
899 4202 942 4274 de
955 4202 1108 4307 ejusdem
1126 4201 1179 4280 bi-
