3092 5000
644 463 692 533 89

191 641 312 709 Paucis
338 663 478 709 rursum
503 639 687 731 interjectis
712 641 838 710 iterum
865 641 1113 733 interrogavit:

189 834 313 898 Troilus.
358 834 482 898 Bonum
507 839 579 911 est,
605 833 677 918 quia
700 835 743 920 pii
766 835 958 900 dominatoris
980 837 1074 900 nostri
1096 837 1192 918 opinio

142 934 264 1020 injuriis
286 935 462 1000 laceratur?
984 1009 987 1030 1

190 1037 354 1102 Macriano.
400 1037 485 1102 Deus
519 1037 661 1124 ignoscat
695 1037 760 1116 his,
796 1037 849 1122 qui
881 1038 1069 1104 dominatori
1093 1039 1194 1104 facere

146 1137 272 1222 Typum
296 1145 532 1222 persuaserunt,
557 1145 589 1202 et
611 1138 676 1216 his,
701 1139 755 1222 qui
777 1139 992 1224 permiserunt.

191 1239 316 1304 troilus.
363 1239 425 1321 Qui
445 1246 536 1318 sunt,
561 1239 614 1324 qui
636 1241 876 1324 persuaserunt?
901 1246 932 1304 et
956 1241 1010 1324 qui
1033 1246 1123 1320 sunt,
1141 1241 1194 1325 qui

147 1340 378 1426 permiserunt?
427 1343 430 1348 '

192 1443 355 1506 Minimus.
401 1441 463 1520 Hi,
488 1441 543 1524 qui
566 1447 655 1505 erant
677 1439 849 1519 Ecclesiae,
874 1449 1053 1521 suaserunt,
1071 1443 1195 1528 etprin-

145 1543 229 1628 cipes
253 1543 469 1628 permiserunt.
515 1543 560 1606 Et
581 1565 650 1606 ecoe
674 1543 778 1606 sordes
802 1567 819 1607 a
843 1543 1038 1609 sordentibus
1049 1545 1082 1608 in
1093 1545 1196 1609 inson-

144 1651 209 1708 tem
234 1649 266 1708 et
289 1644 374 1708 omni
395 1643 516 1708 haeresi
538 1665 652 1728 purum
687 1665 813 1707 excussa
837 1650 893 1712 est.
939 1645 999 1708 Sed
1026 1645 1191 1710 consilium

146 1747 238 1822 date,
263 1751 300 1808 ut
322 1745 425 1822 faciat,
442 1745 535 1828 „quod
558 1744 633 1808 fecit
656 1744 726 1829 piae
749 1745 914 1810 memoriae
938 1747 1091 1830 quondam
1116 1769 1191 1811 avus

144 1847 212 1931 ejus
237 1845 441 1931 [Heraclius]
465 1846 526 1910 ute
550 1845 664 1930 quippe
688 1845 838 1923 sentiens,
863 1847 992 1930 quodin
1004 1848 1195 1932 vituperium

146 1949 213 2032 ejus
246 1947 279 2010 in
314 1947 482 2013 Occidente
516 1947 641 2030 quidam
677 1953 929 2031 prorumperent,
953 1971 1008 2032 per
1032 1948 1194 2033 epistolam

146 2049 280 2128 liberum
294 2072 325 2111 se
337 2048 411 2112 fecit
423 2047 461 2113 ab
473 2048 627 2112 Ecclesiae
640 2047 861 2131 quaerimonia,
876 2047 1024 2113 scribens:
1044 2049 1194 2127 Ecthesis,

146 2149 269 2232 inquit,
306 2172 370 2213 non
404 2155 453 2213 est
487 2172 571 2213 mea:
599 2165 708 2232 *neque
732 2149 815 2212 enim
838 2171 894 2234 ego
917 2149 967 2212 vel
993 2149 1196 2227 dictavi,ch

146 2251 226 2336 jussi
249 2256 286 2313 ut
307 2252 395 2314 fieret
398 2297 450 2316 .....
495 2249 585 2314 Hanc
607 2250 682 2314 fecit
703 2250 871 2334 jussionem
896 2251 935 2314 ad
957 2248 1083 2314 beatum
1105 2251 1197 2316 Joan-

146 2375 219 2416 nem
243 2352 375 2436 Papam,
400 2350 829 2424 condemnantemEothesin
852 2351 886 2415 in
910 2351 969 2429 his,
982 2374 1063 2435 quae
1075 2350 1198 2436 scripse

146 2461 197 2518 rat
227 2459 304 2516 tunc
328 2452 367 2516 ad
386 2453 554 2537 Pyrrhum3
580 2459 612 2516 et
638 2474 675 2516 ex
708 2474 742 2516 eo
774 2458 914 2536 tempore
949 2450 1065 2537 ubique
1100 2451 1197 2538 Sergii

146 2577 211 2620 esse
235 2554 350 2618 dicitur
372 2553 522 2618 Eothesis.
578 2553 647 2617 Hoc
669 2552 765 2616 faciat
788 2559 819 2617 et
842 2553 885 2630 is,
910 2553 965 2638 qui
987 2553 1037 2638 pie
1060 2553 1197 2618 innobis

146 2656 293 2740 imperat,
319 2661 351 2719 et
373 2653 567 2740 permanebit
590 2654 715 2719 omnino
743 2655 927 2721 intemerata
950 2654 988 2720 ab
1003 2655 1198 2741 omnirepre-
1264 2687 1267 2697 ·

146 2757 299 2821 honsione
324 2755 428 2840 opinio
453 2756 517 2840 ejus
542 2757 574 2840 ¹).
1160 2763 1163 2768 ’

195 2983 235 3026 nn
261 2980 398 3026 nouonro
425 2982 469 3024 nn
487 2981 614 3025 rancun
642 2952 778 3038 curcua!

198 3149 299 3220 Anno
329 3151 484 3245 proxime
514 3151 670 3245 sequenti
688 3147 760 3219 656
779 3151 939 3221 haeretici
952 3174 1070 3220 rursus
1083 3153 1197 3221 conati

148 3285 250 3361 sunt,
290 3285 327 3342 ut
353 3272 388 3342 S.
417 3273 626 3362 Maximum,
655 3295 771 3342 senem
798 3272 877 3367 plus
894 3287 1195 3367 quamseptuage-

150 3396 288 3465 narium
314 3393 450 3489 Bizyam
476 3395 512 3463 in
540 3394 682 3465 exilium
701 3397 865 3486 missum,
896 3396 940 3466 ad
963 3394 1197 3468 deficiendum

150 3543 169 3588 a
196 3517 266 3587 fide
282 3517 520 3611 haeresimque
541 3516 821 3612 amplectendam
842 3519 1057 3589 inducerent.
1086 3519 1197 3588 Theo-

149 3639 265 3710 dosius
290 3642 405 3728 enirn,
427 3638 607 3710 Caesareae
626 3639 803 3735 Bithyniae
824 3641 1030 3736 EpiscopuS,
1058 3642 1197 3710 nomine

152 3763 243 3832 Petri
269 3761 482 3832 Patriarchae
515 3761 879 3858 Constantinopolitani
905 3764 1000 3832 hunc
1025 3764 1060 3831 in
1090 3761 1196 3831 finem

152 3883 288 3979 Bizyanr
326 3886 485 3973 veniens,
526 3908 641 3955 coram
668 3885 869 3956 consulibus
895 3885 1001 3955 Paulo
1027 3898 1061 3954 et
1085 3884 1197 3955 Theo-

190 4169 218 4236 1)
254 4171 359 4222 Relatio
383 4171 476 4236 fociae
496 4171 612 4221 motionis
637 4169 703 4220 inter
722 4169 834 4221 donanim
853 4169 994 4222 Maximum
1012 4168 1158 4221 monachum
1177 4171 1201 4219 ci

151 4252 245 4305 socium
263 4253 331 4321 ejus,
352 4271 436 4308 corum
455 4253 619 4322 Principibus
637 4253 666 4304 iri
683 4251 846 4314 secretoria·
865 4249 959 4306 Labbc
976 4250 1037 4318 VI,
1057 4250 1118 4305 433.
