3092 5000
621 430 690 501 117

134 631 220 704 quae
245 606 380 697 dicitur,
407 606 572 702 epistola:
600 629 700 676 ronna
726 630 913 677 concurruu
938 633 1038 679 nuum
1056 634 1170 680 accun-

26 786 28 799 .
136 755 201 801 suu
227 753 600 803 consrirrmorommnln
625 753 836 800 ruauninmn.
875 730 916 801 Et
940 754 978 802 ea
999 731 1068 803 sola
1094 757 1168 824 res,

26 836 30 991 t

25 1052 29 1139 i

134 853 227 950 quod
260 855 411 948 corrupti
442 853 477 924 hi
501 853 569 924 duo
594 852 704 924 fontes
728 854 816 924 inter
840 878 912 926 sese
936 857 1167 948 conuenirent,

134 977 297 1074 quodque
332 978 421 1048 inter
457 976 614 1048 codicem
646 1002 666 1048 a
691 976 823 1072 perlido
848 977 991 1050 Macaria
1017 979 1171 1051 oblatum

134 1113 169 1171 et
193 1100 346 1172 codicem
371 1124 391 1170 e
415 1111 574 1194 corrupto
599 1099 766 1171 tabulario
799 1099 1004 1194 productum
1034 1102 1171 1174 nullum

132 1238 225 1295 esset
249 1224 317 1294 veri
344 1224 490 1294 nominis
514 1222 712 1312 discrimen,
731 1245 784 1312 ea,
804 1223 965 1318 inquam,
992 1224 1062 1296 sola
1083 1225 1173 1296 Con-

135 1348 201 1418 cilii
241 1347 396 1418 Patribus
440 1357 641 1438 argumento
678 1343 762 1434 hut,
801 1358 974 1417 auctorem
1014 1349 1172 1421 recitatae

136 1470 300 1566 epistolae
323 1493 403 1540 rere
426 1491 499 1540 esse
515 1468 717 1539 Honorium.
757 1467 922 1539 Cousrrrrr
941 1481 1018 1564 post
1047 1470 1171 1542 factam

136 1593 374 1682 collationem,
413 1595 534 1686 ajunt,
562 1613 770 1687 omnemque
812 1590 1004 1664 ulteriorem
1030 1594 1171 1690 inquisi-

135 1719 265 1788 tionem
291 1738 574 1810 supervacaneam
599 1713 785 1786 duxerunt.

184 1840 273 1910 Nam
299 1862 380 1909 cum
406 1839 441 1928 ii,
459 1838 518 1933 qui
541 1837 756 1932 Imperatoris
780 1861 960 1932 personam
986 1840 1169 1932 gerebant,

134 1963 269 2062 judices
302 1963 411 2032 statim
450 1972 525 2055 post
561 1959 684 2030 factam
719 1958 875 2031 codicum
908 1961 1123 2034 collationem
1151 1991 1171 2036 a

136 2085 265 2185 Synodi
298 2085 456 2154 Patribus
479 2083 768 2177 expostulassent,
794 2095 833 2154 ut
857 2095 891 2154 et
915 2083 958 2154 de
982 2085 1116 2157 relectae
1139 2101 1173 2159 et

135 2233 282 2283 conulrrs
315 2207 420 2299 Sergii
456 2231 496 2277 ac
520 2205 658 2276 Honorii
684 2206 816 2300 scriptis
848 2218 883 2276 et
914 2205 958 2277 de
991 2208 1170 2303 Sophronii
1274 2215 1278 2225 '

135 2331 306 2430 Synodica
331 2331 532 2402 sententiam
558 2353 654 2400 suam
679 2328 851 2419 dicerent,
880 2329 915 2400 S.
935 2330 1091 2426 Synodus
1116 2357 1172 2405 re-

137 2456 300 2553 spondit:
330 2454 403 2524 »De
427 2453 500 2541 his,
522 2476 608 2548 quae
633 2451 731 2522 nobis
756 2451 879 2522 relecta
907 2465 1006 2544 sunt,
1033 2467 1104 2525 tam
1129 2456 1172 2529 de

134 2579 298 2672 »regestis
330 2578 532 2671 scriptarum
556 2601 575 2646 a
600 2575 714 2667 Sergio
747 2575 967 2669 epistolarum
999 2602 1102 2672 quam
1136 2593 1170 2650 et

139 2724 354 2771 ‚morannum
391 2697 531 2794 epistola
567 2698 707 2770 Honorii
731 2698 867 2789 Latina,
895 2699 939 2770 ad
964 2700 1048 2773 haec
1071 2704 1173 2773 etiam

14 2811 16 2818 ¹
137 2862 152 2890 υ
164 2839 198 2897 et
226 2823 270 2894 de
299 2822 475 2919 Synodicis
496 2823 693 2917 Sophronii,
722 2847 809 2918 quae
834 2823 931 2895 nobis
952 2827 1025 2918 jam
1050 2826 1174 2897 relecta

139 2984 154 3012 ,›
165 2960 264 3038 sunt,
291 2947 488 3018 accuratior
512 2947 621 3033 decia
633 2959 905 3039 putroctuuter,
924 2945 1037 3019 futuro
1055 2949 1173 3020 Secre-

139 3107 154 3135 ‚1
166 3073 247 3142 tario
286 3071 452 3164 [proxima
488 3069 648 3152 sessione]
683 3068 777 3139 vobis
800 3068 1061 3160 gloriosissimis,
1088 3097 1175 3168 quae

149 3206 359 3290 «opportuna
383 3203 485 3280 sunt,
513 3189 687 3262 dicemus⁷’
717 3191 763 3279 ¹)3
790 3192 825 3260 in
851 3215 918 3286 quo
939 3195 1178 3287 responsohoc

14 3291 16 3438 ζ
139 3331 275 3390 tantum
315 3327 493 3404 notamus,
532 3313 626 3410 quod
658 3313 761 3385 verba
795 3313 1028 3387 »Accurotiua
1058 3318 1099 3389 de
1129 3321 1178 3390 eric

143 3436 452 3536 „pertractanteo'’,
491 3437 634 3529 intelligi
659 3436 826 3528 debeant,
866 3462 936 3510 non
962 3439 1005 3511 de
1028 3441 1175 3537 ipsarum

141 3563 358 3660 epistolarum
376 3562 588 3655 integritate,
608 3560 668 3632 sed
683 3561 727 3632 de
744 3561 916 3653 doctrina,
936 3588 1039 3659 quam
1052 3566 1178 3659 episto-

140 3689 194 3759 lae
219 3686 462 3758 continebant:
489 3684 594 3781 idque
618 3684 672 3753 rel
696 3684 785 3755 hanc
815 3685 860 3757 ob
893 3709 1052 3776 causam,
1083 3687 1175 3781 quod

142 3811 283 3882 Honorii
319 3809 479 3904 epistola,
506 3808 602 3880 nullo
628 3809 787 3881 ulteriore
818 3810 974 3880 examine
1001 3811 1173 3902 instituto,

140 3932 337 4029 simpliciter
360 3933 492 4004 dicatur
516 3957 718 4007 laruarum.

178 4219 206 4289 1)
231 4216 302 4273 Ibid.
323 4217 472 4272 eas-oar.
