<?xml version="1.0" encoding="UTF-8"?>
<!DOCTYPE html PUBLIC "-//W3C//DTD XHTML 1.0 Transitional//EN"
    "http://www.w3.org/TR/xhtml1/DTD/xhtml1-transitional.dtd">
<html xmlns="http://www.w3.org/1999/xhtml" xml:lang="en" lang="en">
 <head>
  <title>
</title>
<meta http-equiv="Content-Type" content="text/html;charset=utf-8" />
  <meta name='ocr-system' content='tesseract 3.04.00' />
  <meta name='ocr-capabilities' content='ocr_page ocr_carea ocr_par ocr_line ocrx_word'/>
</head>
<body>
  <div class='ocr_page' id='page_1' title='image "./dehonoriipapaee00bottgoog_0136.png"; bbox 0 0 3092 5000; ppageno 0'>
   <div class='ocr_carea' id='block_1_1' title="bbox 837 494 908 567">
    <p class='ocr_par' dir='ltr' id='par_1_1' title="bbox 837 494 908 567">
     <span class='ocr_line' id='line_1_1' title="bbox 837 494 908 567; baseline -0.056 0"><span class='ocrx_word' id='word_1_1' title='bbox 837 494 908 567; x_wconf 78' lang='lat' dir='ltr'><strong>mo</strong></span> 
     </span>
    </p>
   </div>
   <div class='ocr_carea' id='block_1_2' title="bbox 347 670 1435 4336">
    <p class='ocr_par' dir='ltr' id='par_1_2' title="bbox 347 670 1391 3572">
     <span class='ocr_line' id='line_1_2' title="bbox 352 670 1391 770; baseline 0.004 -29"><span class='ocrx_word' id='word_1_2' title='bbox 352 672 634 743; x_wconf 75' lang='lat' dir='ltr'><em>machinabantur</em></span> <span class='ocrx_word' id='word_1_3' title='bbox 650 671 824 760; x_wconf 70' lang='lat' dir='ltr'><strong>taceant,</strong></span> <span class='ocrx_word' id='word_1_4' title='bbox 843 672 1016 754; x_wconf 81' lang='lat' dir='ltr'><strong>conscium</strong></span> <span class='ocrx_word' id='word_1_5' title='bbox 1043 670 1164 763; x_wconf 87' lang='lat' dir='ltr'><strong>fuisse,</strong></span> <span class='ocrx_word' id='word_1_6' title='bbox 1185 697 1288 745; x_wconf 90' lang='lat' dir='ltr'><strong>nemo</strong></span> <span class='ocrx_word' id='word_1_7' title='bbox 1306 699 1391 770; x_wconf 91' lang='lat' dir='ltr'><strong>pru-</strong></span> 
     </span>
     <span class='ocr_line' id='line_1_3' title="bbox 352 792 1391 890; baseline 0.006 -27"><span class='ocrx_word' id='word_1_8' title='bbox 352 794 455 885; x_wconf 93' lang='lat' dir='ltr'><strong>dens,</strong></span> <span class='ocrx_word' id='word_1_9' title='bbox 484 817 560 865; x_wconf 91' lang='lat' dir='ltr'><strong>meo</strong></span> <span class='ocrx_word' id='word_1_10' title='bbox 585 792 724 890; x_wconf 92' lang='lat' dir='ltr'><strong>quidem</strong></span> <span class='ocrx_word' id='word_1_11' title='bbox 744 793 893 888; x_wconf 88' lang='lat' dir='ltr'><strong>judicio,</strong></span> <span class='ocrx_word' id='word_1_12' title='bbox 921 807 1050 865; x_wconf 89' lang='lat' dir='ltr'><strong>temere</strong></span> <span class='ocrx_word' id='word_1_13' title='bbox 1071 793 1297 868; x_wconf 84' lang='lat' dir='ltr'><strong>affirmaverit.</strong></span> <span class='ocrx_word' id='word_1_14' title='bbox 1325 798 1391 868; x_wconf 90' lang='lat' dir='ltr'><strong>Per</strong></span> 
     </span>
     <span class='ocr_line' id='line_1_4' title="bbox 350 917 1389 1017; baseline 0.002 -27"><span class='ocrx_word' id='word_1_15' title='bbox 350 923 463 1015; x_wconf 92' lang='lat' dir='ltr'><strong>ipsum</strong></span> <span class='ocrx_word' id='word_1_16' title='bbox 495 922 587 990; x_wconf 90' lang='lat' dir='ltr'><strong>enim</strong></span> <span class='ocrx_word' id='word_1_17' title='bbox 619 917 792 990; x_wconf 85' lang='lat' dir='ltr'><strong>Pontificis</strong></span> <span class='ocrx_word' id='word_1_18' title='bbox 825 919 965 1014; x_wconf 88' lang='lat' dir='ltr'><strong>epistola</strong></span> <span class='ocrx_word' id='word_1_19' title='bbox 997 919 1042 989; x_wconf 97' lang='lat' dir='ltr'><strong>ad</strong></span> <span class='ocrx_word' id='word_1_20' title='bbox 1075 921 1203 1017; x_wconf 82' lang='lat' dir='ltr'><strong>Synodi</strong></span> <span class='ocrx_word' id='word_1_21' title='bbox 1234 924 1389 993; x_wconf 76' lang='lat' dir='ltr'><strong>notitiam</strong></span> 
     </span>
     <span class='ocr_line' id='line_1_5' title="bbox 351 1041 1386 1138; baseline 0.002 -26"><span class='ocrx_word' id='word_1_22' title='bbox 351 1044 528 1137; x_wconf 73' lang='lat' dir='ltr'><strong>pervenit,</strong></span> <span class='ocrx_word' id='word_1_23' title='bbox 567 1041 760 1132; x_wconf 89' lang='lat' dir='ltr'><strong>chartulas,</strong></span> <span class='ocrx_word' id='word_1_24' title='bbox 799 1065 886 1138; x_wconf 90' lang='lat' dir='ltr'><strong>quae</strong></span> <span class='ocrx_word' id='word_1_25' title='bbox 923 1041 1097 1137; x_wconf 88' lang='lat' dir='ltr'><strong>epistolam</strong></span> <span class='ocrx_word' id='word_1_26' title='bbox 1138 1045 1386 1135; x_wconf 76' lang='lat' dir='ltr'>continebant,</span> 
     </span>
     <span class='ocr_line' id='line_1_6' title="bbox 351 1165 1386 1262; baseline 0.004 -27"><span class='ocrx_word' id='word_1_27' title='bbox 351 1189 558 1261; x_wconf 89' lang='lat' dir='ltr'><strong>quamquam</strong></span> <span class='ocrx_word' id='word_1_28' title='bbox 584 1189 673 1235; x_wconf 92' lang='lat' dir='ltr'><strong>anno</strong></span> <span class='ocrx_word' id='word_1_29' title='bbox 687 1169 760 1258; x_wconf 87' lang='lat' dir='ltr'><strong>jam</strong></span> <span class='ocrx_word' id='word_1_30' title='bbox 774 1165 954 1260; x_wconf 88' lang='lat' dir='ltr'><strong>praeterito</strong></span> <span class='ocrx_word' id='word_1_31' title='bbox 967 1190 986 1235; x_wconf 91' lang='lat' dir='ltr'><strong>a</strong></span> <span class='ocrx_word' id='word_1_32' title='bbox 999 1165 1144 1237; x_wconf 90' lang='lat' dir='ltr'><strong>Macario</strong></span> <span class='ocrx_word' id='word_1_33' title='bbox 1163 1169 1225 1262; x_wconf 91' lang='lat' dir='ltr'><strong>ipsi</strong></span> <span class='ocrx_word' id='word_1_34' title='bbox 1243 1168 1386 1258; x_wconf 91' lang='lat' dir='ltr'><strong>oblatas,</strong></span> 
     </span>
     <span class='ocr_line' id='line_1_7' title="bbox 350 1287 1388 1386; baseline 0.005 -28"><span class='ocrx_word' id='word_1_35' title='bbox 350 1290 475 1379; x_wconf 88' lang='lat' dir='ltr'><strong>nimia,</strong></span> <span class='ocrx_word' id='word_1_36' title='bbox 502 1287 646 1383; x_wconf 89' lang='lat' dir='ltr'><strong>ideoque</strong></span> <span class='ocrx_word' id='word_1_37' title='bbox 670 1300 846 1382; x_wconf 88' lang='lat' dir='ltr'><strong>suspecta,</strong></span> <span class='ocrx_word' id='word_1_38' title='bbox 874 1287 1100 1360; x_wconf 91' lang='lat' dir='ltr'><strong>sollicitudine</strong></span> <span class='ocrx_word' id='word_1_39' title='bbox 1131 1293 1203 1386; x_wconf 93' lang='lat' dir='ltr'><strong>ipse</strong></span> <span class='ocrx_word' id='word_1_40' title='bbox 1228 1315 1300 1363; x_wconf 89' lang='lat' dir='ltr'><strong>sese</strong></span> <span class='ocrx_word' id='word_1_41' title='bbox 1316 1317 1388 1362; x_wconf 92' lang='lat' dir='ltr'><strong>non</strong></span> 
     </span>
     <span class='ocr_line' id='line_1_8' title="bbox 349 1409 1388 1506; baseline 0.005 -25"><span class='ocrx_word' id='word_1_42' title='bbox 349 1411 468 1505; x_wconf 81' lang='lat' dir='ltr'><strong>legisse</strong></span> <span class='ocrx_word' id='word_1_43' title='bbox 492 1424 651 1501; x_wconf 87' lang='lat' dir='ltr'><strong>testatur,</strong></span> <span class='ocrx_word' id='word_1_44' title='bbox 685 1409 789 1506; x_wconf 85' lang='lat' dir='ltr'><strong>idque</strong></span> <span class='ocrx_word' id='word_1_45' title='bbox 813 1412 917 1505; x_wconf 91' lang='lat' dir='ltr'><strong>ipsius</strong></span> <span class='ocrx_word' id='word_1_46' title='bbox 938 1415 1078 1484; x_wconf 92' lang='lat' dir='ltr'><strong>nomine</strong></span> <span class='ocrx_word' id='word_1_47' title='bbox 1099 1413 1223 1485; x_wconf 93' lang='lat' dir='ltr'><strong>deinde</strong></span> <span class='ocrx_word' id='word_1_48' title='bbox 1240 1414 1388 1486; x_wconf 87' lang='lat' dir='ltr'><strong>affirmat</strong></span> 
     </span>
     <span class='ocr_line' id='line_1_9' title="bbox 350 1535 1388 1631; baseline 0.002 -25"><span class='ocrx_word' id='word_1_49' title='bbox 350 1537 498 1607; x_wconf 86' lang='lat' dir='ltr'><strong>Joannes</strong></span> <span class='ocrx_word' id='word_1_50' title='bbox 522 1535 706 1624; x_wconf 77' lang='lat' dir='ltr'><strong>Patricius,</strong></span> <span class='ocrx_word' id='word_1_51' title='bbox 734 1557 773 1604; x_wconf 90' lang='lat' dir='ltr'><strong>ea</strong></span> <span class='ocrx_word' id='word_1_52' title='bbox 798 1535 890 1628; x_wconf 87' lang='lat' dir='ltr'><strong>ipsa,</strong></span> <span class='ocrx_word' id='word_1_53' title='bbox 913 1560 978 1631; x_wconf 91' lang='lat' dir='ltr'><strong>qua</strong></span> <span class='ocrx_word' id='word_1_54' title='bbox 997 1536 1137 1607; x_wconf 86' lang='lat' dir='ltr'><strong>Honorii</strong></span> <span class='ocrx_word' id='word_1_55' title='bbox 1154 1561 1253 1610; x_wconf 89' lang='lat' dir='ltr'><strong>causa</strong></span> <span class='ocrx_word' id='word_1_56' title='bbox 1271 1539 1388 1630; x_wconf 81' lang='lat' dir='ltr'><strong>agitari</strong></span> 
     </span>
     <span class='ocr_line' id='line_1_10' title="bbox 350 1656 1385 1754; baseline 0 -24"><span class='ocrx_word' id='word_1_57' title='bbox 350 1661 483 1754; x_wconf 86' lang='lat' dir='ltr'><strong>coepit,</strong></span> <span class='ocrx_word' id='word_1_58' title='bbox 511 1658 547 1728; x_wconf 87' lang='lat' dir='ltr'><strong>S.</strong></span> <span class='ocrx_word' id='word_1_59' title='bbox 567 1656 697 1753; x_wconf 80' lang='lat' dir='ltr'><strong>Synodi</strong></span> <span class='ocrx_word' id='word_1_60' title='bbox 722 1659 887 1747; x_wconf 87' lang='lat' dir='ltr'><strong>sessione,</strong></span> <span class='ocrx_word' id='word_1_61' title='bbox 916 1660 1075 1754; x_wconf 88' lang='lat' dir='ltr'><strong>princeps</strong></span> <span class='ocrx_word' id='word_1_62' title='bbox 1092 1659 1149 1730; x_wconf 93' lang='lat' dir='ltr'><strong>ille</strong></span> <span class='ocrx_word' id='word_1_63' title='bbox 1166 1685 1237 1731; x_wconf 95' lang='lat' dir='ltr'><strong>non</strong></span> <span class='ocrx_word' id='word_1_64' title='bbox 1255 1660 1385 1750; x_wconf 87' lang='lat' dir='ltr'><strong>aderat,</strong></span> 
     </span>
     <span class='ocr_line' id='line_1_11' title="bbox 347 1779 1386 1876; baseline 0.003 -26"><span class='ocrx_word' id='word_1_65' title='bbox 347 1781 570 1876; x_wconf 76' lang='lat' dir='ltr'><strong>reipublicae,</strong></span> <span class='ocrx_word' id='word_1_66' title='bbox 598 1793 636 1850; x_wconf 91' lang='lat' dir='ltr'><strong>nt</strong></span> <span class='ocrx_word' id='word_1_67' title='bbox 661 1779 791 1874; x_wconf 85' lang='lat' dir='ltr'><strong>ajebat,</strong></span> <span class='ocrx_word' id='word_1_68' title='bbox 819 1781 935 1852; x_wconf 78' lang='lat' dir='ltr'><strong>cuncis</strong></span> <span class='ocrx_word' id='word_1_69' title='bbox 959 1795 1161 1876; x_wconf 80' lang='lat' dir='ltr'><strong>occupatus,</strong></span> <span class='ocrx_word' id='word_1_70' title='bbox 1189 1782 1268 1854; x_wconf 91' lang='lat' dir='ltr'><strong>licet</strong></span> <span class='ocrx_word' id='word_1_71' title='bbox 1292 1782 1386 1853; x_wconf 89' lang='lat' dir='ltr'><strong>altis-</strong></span> 
     </span>
     <span class='ocr_line' id='line_1_12' title="bbox 349 1901 1387 2000; baseline 0.001 -25"><span class='ocrx_word' id='word_1_72' title='bbox 349 1905 432 1975; x_wconf 89' lang='lat' dir='ltr'><strong>sima</strong></span> <span class='ocrx_word' id='word_1_73' title='bbox 467 1926 551 1998; x_wconf 91' lang='lat' dir='ltr'><strong>pace</strong></span> <span class='ocrx_word' id='word_1_74' title='bbox 583 1915 666 1973; x_wconf 92' lang='lat' dir='ltr'><strong>tunc</strong></span> <span class='ocrx_word' id='word_1_75' title='bbox 698 1905 861 1998; x_wconf 90' lang='lat' dir='ltr'><strong>temporis</strong></span> <span class='ocrx_word' id='word_1_76' title='bbox 885 1901 1054 1975; x_wconf 82' lang='lat' dir='ltr'><strong>frueretur</strong></span> <span class='ocrx_word' id='word_1_77' title='bbox 1078 1905 1291 2000; x_wconf 77' lang='lat' dir='ltr'><strong>respublica,</strong></span> <span class='ocrx_word' id='word_1_78' title='bbox 1323 1905 1387 1976; x_wconf 89' lang='lat' dir='ltr'><strong>de-</strong></span> 
     </span>
     <span class='ocr_line' id='line_1_13' title="bbox 348 2025 1386 2124; baseline 0.001 -27"><span class='ocrx_word' id='word_1_79' title='bbox 348 2028 476 2122; x_wconf 89' lang='lat' dir='ltr'><strong>positus</strong></span> <span class='ocrx_word' id='word_1_80' title='bbox 491 2025 675 2115; x_wconf 77' lang='lat' dir='ltr'><strong>MacariuS,</strong></span> <span class='ocrx_word' id='word_1_81' title='bbox 694 2026 784 2096; x_wconf 91' lang='lat' dir='ltr'><strong>utin</strong></span> <span class='ocrx_word' id='word_1_82' title='bbox 801 2025 923 2096; x_wconf 89' lang='lat' dir='ltr'><strong>Scdem</strong></span> <span class='ocrx_word' id='word_1_83' title='bbox 941 2029 1192 2118; x_wconf 67' lang='lat' dir='ltr'><strong>restitueretur,</strong></span> <span class='ocrx_word' id='word_1_84' title='bbox 1211 2053 1231 2097; x_wconf 94' lang='lat' dir='ltr'><strong>a</strong></span> <span class='ocrx_word' id='word_1_85' title='bbox 1248 2027 1386 2124; x_wconf 77' lang='lat' dir='ltr'><strong>Synodo</strong></span> 
     </span>
     <span class='ocr_line' id='line_1_14' title="bbox 349 2148 1387 2244; baseline 0 -23"><span class='ocrx_word' id='word_1_86' title='bbox 349 2149 560 2244; x_wconf 74' lang='lat' dir='ltr'><strong>expostulat,</strong></span> <span class='ocrx_word' id='word_1_87' title='bbox 588 2148 736 2244; x_wconf 89' lang='lat' dir='ltr'><strong>denique</strong></span> <span class='ocrx_word' id='word_1_88' title='bbox 760 2173 850 2220; x_wconf 91' lang='lat' dir='ltr'><strong>anno</strong></span> <span class='ocrx_word' id='word_1_89' title='bbox 876 2148 949 2218; x_wconf 77' lang='grc'><strong>681</strong></span> <span class='ocrx_word' id='word_1_90' title='bbox 972 2152 1045 2244; x_wconf 94' lang='lat' dir='ltr'><strong>ipse</strong></span> <span class='ocrx_word' id='word_1_91' title='bbox 1070 2149 1286 2222; x_wconf 88' lang='lat' dir='ltr'><strong>Theodorum</strong></span> <span class='ocrx_word' id='word_1_92' title='bbox 1312 2151 1387 2221; x_wconf 88' lang='lat' dir='ltr'><strong>Mo·</strong></span> 
     </span>
     <span class='ocr_line' id='line_1_15' title="bbox 348 2271 1387 2369; baseline 0.004 -28"><span class='ocrx_word' id='word_1_93' title='bbox 348 2271 547 2344; x_wconf 91' lang='lat' dir='ltr'><strong>nothelitam</strong></span> <span class='ocrx_word' id='word_1_94' title='bbox 562 2273 596 2341; x_wconf 94' lang='lat' dir='ltr'><strong>in</strong></span> <span class='ocrx_word' id='word_1_95' title='bbox 615 2271 737 2343; x_wconf 86' lang='lat' dir='ltr'><strong>Sedem</strong></span> <span class='ocrx_word' id='word_1_96' title='bbox 751 2271 1170 2367; x_wconf 87' lang='lat' dir='ltr'><strong>Constantinopolitanam,</strong></span> <span class='ocrx_word' id='word_1_97' title='bbox 1187 2299 1251 2369; x_wconf 90' lang='lat' dir='ltr'><strong>qua</strong></span> <span class='ocrx_word' id='word_1_98' title='bbox 1266 2273 1387 2369; x_wconf 90' lang='lat' dir='ltr'><strong>pulsus</strong></span> 
     </span>
     <span class='ocr_line' id='line_1_16' title="bbox 347 2375 1385 2483; baseline 0.003 -20"><span class='ocrx_word' id='word_1_99' title='bbox 347 2393 477 2483; x_wconf 89' lang='lat' dir='ltr'><strong>fuerat,</strong></span> <span class='ocrx_word' id='word_1_100' title='bbox 505 2397 659 2466; x_wconf 90' lang='lat' dir='ltr'><strong>restitnit.</strong></span> <span class='ocrx_word' id='word_1_101' title='bbox 695 2375 820 2465; x_wconf 82' lang='lat' dir='ltr'><strong>Sedet</strong></span> <span class='ocrx_word' id='word_1_102' title='bbox 845 2394 983 2467; x_wconf 88' lang='lat' dir='ltr'><strong>clericos</strong></span> <span class='ocrx_word' id='word_1_103' title='bbox 1007 2395 1193 2467; x_wconf 93' lang='lat' dir='ltr'><strong>nonnullos</strong></span> <span class='ocrx_word' id='word_1_104' title='bbox 1218 2396 1385 2468; x_wconf 85' lang='lat' dir='ltr'><strong>Constan-</strong></span> 
     </span>
     <span class='ocr_line' id='line_1_17' title="bbox 347 2517 1384 2616; baseline 0.006 -29"><span class='ocrx_word' id='word_1_105' title='bbox 347 2517 605 2612; x_wconf 75' lang='lat' dir='ltr'><strong>tinopolitanm,</strong></span> <span class='ocrx_word' id='word_1_106' title='bbox 637 2530 674 2588; x_wconf 89' lang='lat' dir='ltr'><strong>ut</strong></span> <span class='ocrx_word' id='word_1_107' title='bbox 707 2519 940 2589; x_wconf 87' lang='lat' dir='ltr'><strong>auctoritatem</strong></span> <span class='ocrx_word' id='word_1_108' title='bbox 972 2518 1185 2590; x_wconf 86' lang='lat' dir='ltr'><strong>Pontificiam</strong></span> <span class='ocrx_word' id='word_1_109' title='bbox 1219 2521 1288 2591; x_wconf 81' lang='lat' dir='ltr'><strong>sive</strong></span> <span class='ocrx_word' id='word_1_110' title='bbox 1321 2535 1384 2616; x_wconf 90' lang='lat' dir='ltr'><strong>pro</strong></span> 
     </span>
     <span class='ocr_line' id='line_1_18' title="bbox 348 2639 1381 2735; baseline 0.004 -25"><span class='ocrx_word' id='word_1_111' title='bbox 348 2664 407 2710; x_wconf 90' lang='lat' dir='ltr'><strong>sua</strong></span> <span class='ocrx_word' id='word_1_112' title='bbox 432 2641 560 2711; x_wconf 91' lang='lat' dir='ltr'><strong>haeresi</strong></span> <span class='ocrx_word' id='word_1_113' title='bbox 583 2641 778 2710; x_wconf 87' lang='lat' dir='ltr'><strong>invocarent</strong></span> <span class='ocrx_word' id='word_1_114' title='bbox 799 2641 868 2710; x_wconf 90' lang='lat' dir='ltr'><strong>sive</strong></span> <span class='ocrx_word' id='word_1_115' title='bbox 884 2639 1050 2711; x_wconf 88' lang='lat' dir='ltr'><strong>haeretica</strong></span> <span class='ocrx_word' id='word_1_116' title='bbox 1066 2641 1145 2712; x_wconf 89' lang='lat' dir='ltr'><strong>labe</strong></span> <span class='ocrx_word' id='word_1_117' title='bbox 1159 2642 1381 2735; x_wconf 75' lang='lat' dir='ltr'><strong>macularent,</strong></span> 
     </span>
     <span class='ocr_line' id='line_1_19' title="bbox 348 2762 1384 2862; baseline 0.005 -29"><span class='ocrx_word' id='word_1_118' title='bbox 348 2763 504 2833; x_wconf 87' lang='lat' dir='ltr'><strong>adhunc</strong></span> <span class='ocrx_word' id='word_1_119' title='bbox 528 2762 681 2834; x_wconf 89' lang='lat' dir='ltr'><strong>fraudem</strong></span> <span class='ocrx_word' id='word_1_120' title='bbox 707 2775 904 2857; x_wconf 89' lang='lat' dir='ltr'><strong>cooperatos</strong></span> <span class='ocrx_word' id='word_1_121' title='bbox 928 2762 1048 2854; x_wconf 84' lang='lat' dir='ltr'><strong>fuisse,</strong></span> <span class='ocrx_word' id='word_1_122' title='bbox 1076 2763 1174 2836; x_wconf 86' lang='lat' dir='ltr'><strong>facile</strong></span> <span class='ocrx_word' id='word_1_123' title='bbox 1202 2768 1339 2862; x_wconf 90' lang='lat' dir='ltr'><strong>quidem</strong></span> <span class='ocrx_word' id='word_1_124' title='bbox 1365 2793 1384 2838; x_wconf 92' lang='grc'><strong>1</strong></span> 
     </span>
     <span class='ocr_line' id='line_1_20' title="bbox 347 2884 1384 2983; baseline 0.003 -26"><span class='ocrx_word' id='word_1_125' title='bbox 347 2887 447 2958; x_wconf 93' lang='lat' dir='ltr'><strong>nobis</strong></span> <span class='ocrx_word' id='word_1_126' title='bbox 480 2884 680 2955; x_wconf 88' lang='lat' dir='ltr'><strong>admittitur.</strong></span> <span class='ocrx_word' id='word_1_127' title='bbox 725 2885 825 2972; x_wconf 81' lang='lat' dir='ltr'><strong>Quod</strong></span> <span class='ocrx_word' id='word_1_128' title='bbox 852 2886 879 2955; x_wconf 94' lang='lat' dir='ltr'><strong>si</strong></span> <span class='ocrx_word' id='word_1_129' title='bbox 903 2887 977 2981; x_wconf 91' lang='lat' dir='ltr'><strong>quis</strong></span> <span class='ocrx_word' id='word_1_130' title='bbox 1001 2888 1226 2980; x_wconf 77' lang='lat' dir='ltr'><strong>integritatem</strong></span> <span class='ocrx_word' id='word_1_131' title='bbox 1251 2892 1384 2983; x_wconf 80' lang='lat' dir='ltr'><strong>Georgii</strong></span> 
     </span>
     <span class='ocr_line' id='line_1_21' title="bbox 347 3007 1382 3114; baseline 0.003 -34"><span class='ocrx_word' id='word_1_132' title='bbox 347 3007 636 3104; x_wconf 82' lang='lat' dir='ltr'><strong>chartophylacis,</strong></span> <span class='ocrx_word' id='word_1_133' title='bbox 674 3010 731 3103; x_wconf 93' lang='lat' dir='ltr'><strong>qui</strong></span> <span class='ocrx_word' id='word_1_134' title='bbox 760 3010 929 3101; x_wconf 82' lang='lat' dir='ltr'><strong>ignoratas</strong></span> <span class='ocrx_word' id='word_1_135' title='bbox 961 3022 1057 3080; x_wconf 89' lang='lat' dir='ltr'><strong>antea</strong></span> <span class='ocrx_word' id='word_1_136' title='bbox 1084 3011 1224 3082; x_wconf 91' lang='lat' dir='ltr'><strong>Honorii</strong></span> <span class='ocrx_word' id='word_1_137' title='bbox 1248 3012 1382 3114; x_wconf 78' lang='lat' dir='ltr'><strong>literas,</strong></span> 
     </span>
     <span class='ocr_line' id='line_1_22' title="bbox 347 3130 1382 3230; baseline 0.003 -26"><span class='ocrx_word' id='word_1_138' title='bbox 347 3132 447 3204; x_wconf 88' lang='lat' dir='ltr'><strong>simul</strong></span> <span class='ocrx_word' id='word_1_139' title='bbox 472 3155 510 3202; x_wconf 91' lang='lat' dir='ltr'><strong>ac</strong></span> <span class='ocrx_word' id='word_1_140' title='bbox 535 3132 758 3226; x_wconf 89' lang='lat' dir='ltr'><strong>petebantur,</strong></span> <span class='ocrx_word' id='word_1_141' title='bbox 786 3155 805 3203; x_wconf 97' lang='lat' dir='ltr'><strong>e</strong></span> <span class='ocrx_word' id='word_1_142' title='bbox 830 3131 995 3202; x_wconf 87' lang='lat' dir='ltr'><strong>tabulario</strong></span> <span class='ocrx_word' id='word_1_143' title='bbox 1012 3130 1382 3230; x_wconf 83' lang='lat' dir='ltr'><strong>Constantinopolitano</strong></span> 
     </span>
     <span class='ocr_line' id='line_1_23' title="bbox 347 3253 1381 3352; baseline 0.004 -27"><span class='ocrx_word' id='word_1_144' title='bbox 347 3253 551 3352; x_wconf 86' lang='lat' dir='ltr'><strong>proferebat,</strong></span> <span class='ocrx_word' id='word_1_145' title='bbox 580 3256 615 3324; x_wconf 93' lang='lat' dir='ltr'><strong>in</strong></span> <span class='ocrx_word' id='word_1_146' title='bbox 639 3253 785 3325; x_wconf 93' lang='lat' dir='ltr'><strong>dubium</strong></span> <span class='ocrx_word' id='word_1_147' title='bbox 803 3278 838 3325; x_wconf 91' lang='lat' dir='ltr'><strong>se</strong></span> <span class='ocrx_word' id='word_1_148' title='bbox 855 3278 1011 3325; x_wconf 84' lang='lat' dir='ltr'><strong>revocare</strong></span> <span class='ocrx_word' id='word_1_149' title='bbox 1035 3279 1133 3350; x_wconf 89' lang='lat' dir='ltr'><strong>posse</strong></span> <span class='ocrx_word' id='word_1_150' title='bbox 1163 3260 1381 3349; x_wconf 86' lang='lat' dir='ltr'><strong>existimaret,</strong></span> 
     </span>
     <span class='ocr_line' id='line_1_24' title="bbox 347 3377 1380 3475; baseline 0.002 -27"><span class='ocrx_word' id='word_1_151' title='bbox 347 3403 418 3449; x_wconf 94' lang='lat' dir='ltr'><strong>non</strong></span> <span class='ocrx_word' id='word_1_152' title='bbox 454 3401 515 3470; x_wconf 84' lang='lat' dir='ltr'><strong>ego</strong></span> <span class='ocrx_word' id='word_1_153' title='bbox 551 3377 688 3472; x_wconf 91' lang='lat' dir='ltr'><strong>quidem</strong></span> <span class='ocrx_word' id='word_1_154' title='bbox 726 3377 815 3448; x_wconf 91' lang='lat' dir='ltr'><strong>hanc</strong></span> <span class='ocrx_word' id='word_1_155' title='bbox 851 3380 1077 3475; x_wconf 86' lang='lat' dir='ltr'><strong>suspicionem</strong></span> <span class='ocrx_word' id='word_1_156' title='bbox 1110 3379 1159 3449; x_wconf 91' lang='lat' dir='ltr'><strong>illi</strong></span> <span class='ocrx_word' id='word_1_157' title='bbox 1196 3382 1231 3450; x_wconf 92' lang='lat' dir='ltr'><strong>in</strong></span> <span class='ocrx_word' id='word_1_158' title='bbox 1264 3383 1380 3453; x_wconf 91' lang='lat' dir='ltr'><strong>vitium</strong></span> 
     </span>
     <span class='ocr_line' id='line_1_25' title="bbox 347 3513 525 3572; baseline 0 0"><span class='ocrx_word' id='word_1_159' title='bbox 347 3513 525 3572; x_wconf 88' lang='lat' dir='ltr'><strong>verterem.</strong></span> 
     </span>
    </p>

    <p class='ocr_par' dir='ltr' id='par_1_3' title="bbox 347 3622 1435 4336">
     <span class='ocr_line' id='line_1_26' title="bbox 394 3622 1380 3719; baseline 0 -25"><span class='ocrx_word' id='word_1_160' title='bbox 394 3624 579 3718; x_wconf 84' lang='lat' dir='ltr'><strong>Praecipue</strong></span> <span class='ocrx_word' id='word_1_161' title='bbox 610 3635 726 3693; x_wconf 88' lang='lat' dir='ltr'><strong>tamen</strong></span> <span class='ocrx_word' id='word_1_162' title='bbox 759 3647 799 3693; x_wconf 89' lang='lat' dir='ltr'><strong>ac</strong></span> <span class='ocrx_word' id='word_1_163' title='bbox 830 3622 874 3693; x_wconf 89' lang='lat' dir='ltr'><strong>de</strong></span> <span class='ocrx_word' id='word_1_164' title='bbox 898 3625 970 3719; x_wconf 91' lang='lat' dir='ltr'><strong>ipso</strong></span> <span class='ocrx_word' id='word_1_165' title='bbox 996 3625 1220 3719; x_wconf 88' lang='lat' dir='ltr'><strong>corruptionis</strong></span> <span class='ocrx_word' id='word_1_166' title='bbox 1239 3627 1380 3695; x_wconf 91' lang='lat' dir='ltr'><strong>crimine</strong></span> 
     </span>
     <span class='ocr_line' id='line_1_27' title="bbox 347 3743 1380 3843; baseline -0.001 -25"><span class='ocrx_word' id='word_1_167' title='bbox 347 3747 557 3820; x_wconf 88' lang='lat' dir='ltr'><strong>accusandus</strong></span> <span class='ocrx_word' id='word_1_168' title='bbox 591 3745 723 3816; x_wconf 89' lang='lat' dir='ltr'><strong>videtur</strong></span> <span class='ocrx_word' id='word_1_169' title='bbox 743 3743 939 3837; x_wconf 81' lang='lat' dir='ltr'><strong>Macarius,</strong></span> <span class='ocrx_word' id='word_1_170' title='bbox 967 3751 1045 3843; x_wconf 93' lang='lat' dir='ltr'><strong>qui,</strong></span> <span class='ocrx_word' id='word_1_171' title='bbox 1072 3750 1217 3820; x_wconf 87' lang='lat' dir='ltr'><strong>instante</strong></span> <span class='ocrx_word' id='word_1_172' title='bbox 1243 3748 1380 3843; x_wconf 91' lang='lat' dir='ltr'><strong>quidem</strong></span> 
     </span>
     <span class='ocr_line' id='line_1_28' title="bbox 347 3869 1379 3968; baseline -0.001 -25"><span class='ocrx_word' id='word_1_173' title='bbox 347 3870 475 3968; x_wconf 84' lang='lat' dir='ltr'><strong>Synodi</strong></span> <span class='ocrx_word' id='word_1_174' title='bbox 498 3883 672 3965; x_wconf 89' lang='lat' dir='ltr'><strong>tempore,</strong></span> <span class='ocrx_word' id='word_1_175' title='bbox 695 3893 774 3939; x_wconf 89' lang='lat' dir='ltr'><strong>cum</strong></span> <span class='ocrx_word' id='word_1_176' title='bbox 792 3870 896 3962; x_wconf 82' lang='lat' dir='ltr'><strong>Sergii</strong></span> <span class='ocrx_word' id='word_1_177' title='bbox 912 3869 1015 3941; x_wconf 88' lang='lat' dir='ltr'><strong>literis</strong></span> <span class='ocrx_word' id='word_1_178' title='bbox 1029 3872 1157 3966; x_wconf 92' lang='lat' dir='ltr'><strong>optime</strong></span> <span class='ocrx_word' id='word_1_179' title='bbox 1174 3873 1379 3943; x_wconf 82' lang='lat' dir='ltr'><strong>convenien-</strong></span> 
     </span>
     <span class='ocr_line' id='line_1_29' title="bbox 347 3989 1379 4096; baseline 0.003 -34"><span class='ocrx_word' id='word_1_180' title='bbox 347 3989 417 4064; x_wconf 84' lang='lat' dir='ltr'><strong>tem</strong></span> <span class='ocrx_word' id='word_1_181' title='bbox 443 3993 581 4063; x_wconf 90' lang='lat' dir='ltr'><strong>Honorii</strong></span> <span class='ocrx_word' id='word_1_182' title='bbox 606 3991 782 4096; x_wconf 88' lang='lat' dir='ltr'><strong>epistolam</strong></span> <span class='ocrx_word' id='word_1_183' title='bbox 807 3993 1004 4088; x_wconf 90' lang='lat' dir='ltr'><strong>Imperatori</strong></span> <span class='ocrx_word' id='word_1_184' title='bbox 1029 3993 1171 4084; x_wconf 90' lang='lat' dir='ltr'><strong>obtulit,</strong></span> <span class='ocrx_word' id='word_1_185' title='bbox 1189 3993 1268 4083; x_wconf 89' lang='lat' dir='ltr'><strong>sed,</strong></span> <span class='ocrx_word' id='word_1_186' title='bbox 1288 3995 1379 4067; x_wconf 86' lang='lat' dir='ltr'><strong>Con-</strong></span> 
     </span>
     <span class='ocr_line' id='line_1_30' title="bbox 348 4115 1380 4212; baseline 0.003 -26"><span class='ocrx_word' id='word_1_187' title='bbox 348 4115 423 4186; x_wconf 87' lang='lat' dir='ltr'><strong>cilio</strong></span> <span class='ocrx_word' id='word_1_188' title='bbox 456 4115 609 4186; x_wconf 90' lang='lat' dir='ltr'><strong>nondnm</strong></span> <span class='ocrx_word' id='word_1_189' title='bbox 644 4128 848 4206; x_wconf 88' lang='lat' dir='ltr'><strong>convocato,</strong></span> <span class='ocrx_word' id='word_1_190' title='bbox 883 4117 926 4187; x_wconf 90' lang='lat' dir='ltr'><strong>ab</strong></span> <span class='ocrx_word' id='word_1_191' title='bbox 960 4115 1081 4186; x_wconf 91' lang='lat' dir='ltr'><strong>eodem</strong></span> <span class='ocrx_word' id='word_1_192' title='bbox 1106 4117 1312 4212; x_wconf 89' lang='lat' dir='ltr'><strong>Imperatore</strong></span> <span class='ocrx_word' id='word_1_193' title='bbox 1336 4118 1380 4189; x_wconf 92' lang='lat' dir='ltr'><strong>de</strong></span> 
     </span>
     <span class='ocr_line' id='line_1_31' title="bbox 347 4237 1435 4336; baseline 0.004 -28"><span class='ocrx_word' id='word_1_194' title='bbox 347 4237 472 4309; x_wconf 89' lang='lat' dir='ltr'><strong>dissidii</strong></span> <span class='ocrx_word' id='word_1_195' title='bbox 509 4239 615 4310; x_wconf 89' lang='lat' dir='ltr'><strong>causis</strong></span> <span class='ocrx_word' id='word_1_196' title='bbox 647 4239 892 4331; x_wconf 84' lang='lat' dir='ltr'><strong>interrogatus,</strong></span> <span class='ocrx_word' id='word_1_197' title='bbox 927 4238 993 4309; x_wconf 90' lang='lat' dir='ltr'><strong>hoc</strong></span> <span class='ocrx_word' id='word_1_198' title='bbox 1024 4238 1117 4309; x_wconf 89' lang='lat' dir='ltr'><strong>dedit</strong></span> <span class='ocrx_word' id='word_1_199' title='bbox 1150 4263 1375 4336; x_wconf 90' lang='lat' dir='ltr'><strong>responsum:</strong></span> <span class='ocrx_word' id='word_1_200' title='bbox 1430 4265 1435 4286; x_wconf 74' lang='lat'>&#39;</span> 
     </span>
    </p>
   </div>
   <div class='ocr_carea' id='block_1_3' title="bbox 0 0 1550 5000">
    <p class='ocr_par' dir='ltr' id='par_1_4' title="bbox 0 0 1550 5000">
     <span class='ocr_line' id='line_1_32' title="bbox 0 0 1550 5000; baseline 0 1"><span class='ocrx_word' id='word_1_201' title='bbox 0 0 1550 5000; x_wconf 95' lang='lat' dir='ltr'><strong> </strong></span> 
     </span>
    </p>
   </div>
  </div>
 </body>
</html>
