3140 5004
857 479 905 550 88

403 655 580 720 Praedictns
602 675 673 739 ergo
695 655 832 719 decessor
858 675 964 731 mens,
988 654 1100 718 docens
1121 654 1160 717 de
1184 651 1329 737 mysterio
1358 651 1404 714 in·

359 755 542 822 carnationis
564 753 694 833 Christi,
718 754 838 820 dicebat
859 776 924 819 non
945 753 1039 818 luisse
1059 753 1093 819 in
1108 776 1163 831 eo,
1176 753 1302 817 sicutin
1313 750 1407 816 nobis

359 855 583 944 peccatoribus,
607 854 718 921 mentis
741 862 772 921 et
794 854 892 920 carnis
914 854 1078 919 contradas
1100 854 1294 919 voluntates:
1319 852 1406 936 quod

360 958 485 1042 quidam
507 957 546 1021 ad
569 956 725 1042 proprium
747 979 871 1022 sensnm
895 962 1120 1034 convertentes,
1144 952 1315 1019 divinitatis
1338 953 1409 1037 ejus

360 1066 392 1124 et
424 1057 624 1123 humanitatis
656 1079 749 1122 unam
784 1079 854 1122 eum
883 1057 1074 1122 voluntatem
1096 1056 1236 1121 docuisse
1258 1051 1410 1140 suspicati

361 1165 455 1224 sunt:
478 1159 562 1242 qnod
584 1158 704 1223 veritati
727 1158 911 1223 omnimodis
934 1165 980 1223 est
1002 1157 1188 1223 contrarium
1216 1161 1250 1241 ¹).

409 1368 649 1441 Defensionem
663 1369 753 1441 hane
768 1370 869 1445 unice
885 1382 1039 1464 spectare
1050 1369 1095 1439 ad
1110 1367 1254 1440 Honorii
1272 1367 1377 1438 verba
1396 1396 1405 1436 ε

360 1521 467 1568 unam
493 1495 702 1574 voluntatem
722 1493 875 1587 fatemur
897 1496 943 1567 D.
962 1496 1007 1568 Ν.
1024 1497 1066 1565 J.
1088 1495 1150 1585 O.‚
1178 1494 1411 1590 eaqueverba

361 1619 405 1689 de
435 1619 588 1689 dumnoc
612 1617 734 1688 Christi
760 1617 936 1689 voluntate
961 1617 1149 1711 explicari,
1179 1617 1409 1710 perspicuum

361 1751 425 1812 est.
478 1740 604 1810 Verum
644 1739 827 1834 explicatio
864 1742 927 1810 ista
954 1739 1113 1834 plurimis
1141 1737 1414 1809 commendatur

362 1864 486 1953 titulis3
516 1861 667 1957 profecta
693 1875 745 1934 est
767 1865 860 1934 enim
887 1887 1067 1933 asumma
1093 1862 1298 1933 auctoritate
1313 1859 1413 1929 illius

362 1987 507 2057 Romani
533 1985 732 2072 Pontificis,
760 1987 818 2080 qui
837 1985 989 2056 Honorio
1005 1983 1076 2055 fere
1092 1985 1250 2079 proxime
1269 2005 1412 2054 succes-

361 2111 425 2197 sit3
452 2107 530 2178 date
558 2119 731 2202 praeterea
755 2119 789 2178 et
814 2109 966 2202 exposita
993 2120 1044 2177 est
1068 2106 1253 2178 abeodem
1273 2105 1413 2176 loanne

362 2231 507 2318 abbate,
547 2254 651 2324 quem
690 2253 733 2299 ex
767 2253 846 2301 mox
871 2229 1016 2300 citandis
1041 2229 1078 2299 S.
1105 2228 1245 2299 Maximi
1272 2228 1410 2316 verbis,

362 2366 397 2424 et
433 2352 577 2423 Honorii
614 2365 649 2423 et
685 2351 827 2423 loannis
864 2351 907 2422 lV
954 2351 1134 2446 epistolam
1173 2351 1415 2446 composuisse

364 2474 548 2562 novimus3
580 2473 719 2544 tandem
745 2473 905 2543 convenit
929 2496 1010 2543 cum
1036 2486 1107 2544 tota
1133 2473 1277 2544 Honorii
1305 2496 1413 2566 argu·

365 2595 597 2682 mentatione,
625 2598 769 2689 ejusque
793 2594 957 2688 epistolae
982 2607 1161 2666 contextu.
1226 2651 1232 2658 .

414 2718 450 2787 ln
478 2715 717 2811 componenda
741 2728 855 2786 antem
876 2717 1049 2811 praedicte
1067 2717 1211 2789 Honorii
1227 2713 1412 2813 apologia,

365 2839 512 2933 scriptor
542 2861 612 2908 nou
636 2835 751 2908 literas
775 2837 879 2932 hujus
903 2837 1079 2909 Pontificis
1106 2863 1188 2933 prae
1213 2839 1326 2910 oculis
1351 2839 1417 2908 ha-

364 2961 494 3049 buisse,
508 2959 568 3030 sed
581 2965 678 3030 suam
694 2961 807 3053 potius
819 2960 1031 3032 consuluisse
1046 2961 1180 3033 videtur
1193 2963 1415 3050 memoriam3

365 3081 460 3178 quod
510 3081 608 3152 nobis
645 3081 768 3151 iterum
807 3082 971 3153 rationem
1010 3084 1153 3177 praebet
1190 3083 1416 3178 suspicandi,

366 3204 507 3275 Honorii
536 3202 650 3272 literas
674 3225 715 3273 eo
731 3205 803 3296 jam
831 3214 986 3296 ternpore
1002 3205 1037 3274 in
1055 3206 1232 3276 Romanae
1245 3185 1421 3276 Ecclesiae

367 3323 536 3395 tabulario
551 3348 622 3395 non
637 3322 789 3417 amplius
805 3325 981 3396 exstitisse.
1008 3326 1159 3399 loannes
1171 3329 1265 3398 enim
1285 3329 1419 3418 abbas,

368 3446 510 3517 Joaunis
545 3445 658 3539 Papae
696 3447 836 3515 nomine
872 3445 961 3517 hanc
983 3449 1154 3519 -soribens
1195 3449 1420 3544 apologiam

370 3591 487 3640 nonne
511 3567 583 3660 ipsa
608 3565 749 3640 Honorii
773 3566 934 3660 epistolae
958 3594 977 3639 a
998 3592 1034 3640 se
1056 3570 1174 3642 itidem
1202 3575 1425 3668 conscriptae

370 3689 474 3760 verba
491 3687 658 3780 allegare,
678 3710 794 3758 nonne
806 3687 850 3758 ad
863 3712 902 3759 ea
919 3689 1091 3762 Catholioe
1109 3693 1318 3788 explicanda
1339 3721 1427 3768 suae

372 3810 674 3904 argumentationis
693 3809 833 3896 seriem,
864 3834 966 3880 suurn
996 3814 1181 3885 verborum
1215 3831 1425 3891 contextum

373 3935 529 4002 invocare
554 3930 746 4018 debuisset,
774 3931 799 4000 si
817 3930 881 4001 hoc
898 3930 1008 4003 facere
1028 3937 1218 4028 potuisset?
1250 3937 1428 4018 Potuisset

412 4211 441 4285 1)
476 4209 570 4272 Labbe
588 4211 628 4284 V,
648 4213 725 4277 1758,
