3140 5004
637 487 684 564 88

134 660 201 726 dies
222 663 395 752 aliquantos
417 666 571 752 ingressus
586 674 631 733 est
649 666 766 733 Isacius
784 667 930 753 patricius
946 663 981 731 iu
991 661 1178 752 epicopium

135 762 343 831 Lateranense
373 774 404 832 et
436 767 498 832 fuit
518 767 563 833 ibi
585 790 638 853 per
660 769 725 834 dies
748 775 832 847 octo,
857 791 954 853 usque
976 767 1051 833 dum
1074 789 1179 833 omnes

134 863 340 940 {obstantiam
363 867 449 933 illam
472 869 738 954 depraedarentur.
774 870 1047 956 Eodemlempore
1069 868 1181 934 direxit

136 965 248 1032 exinde
270 985 307 1033 ex
327 969 394 1054 ipse
416 968 589 1050 substantia
625 977 743 1055 partem
773 970 927 1055 quandem
959 971 994 1034 in
1028 968 1181 1034 civitatem

136 1067 253 1153 regiam
284 1072 326 1134 od
353 1071 526 1134 Heraclium
548 1073 767 1154 Imperatorem.
814 1071 1000 1136 Postmodum
1030 1072 1183 1136 ordiomtm

137 1178 181 1235 eet
212 1171 422 1237 sanctissimus
446 1172 625 1250 severinus,
650 1180 682 1238 et
703 1195 838 1239 reversus
861 1180 907 1238 eet
929 1172 1046 1237 Isacius
1068 1172 1184 1238 Raven-

138 1294 212 1336 nam
237 1276 269 1356 ¹).

190 1495 237 1567 Ex
274 1497 367 1569 hisee
401 1497 566 1570 Anastasii
599 1498 709 1570 verbis
741 1497 835 1568 haud
867 1499 991 1592 injuria
1015 1501 1184 1593 conjicere

140 1644 239 1714 posse
267 1621 346 1690 mihi
373 1620 508 1711 videor,
535 1624 571 1692 in
597 1621 661 1692 hac
686 1623 849 1717 episcopii
874 1621 1106 1692 Lateraueusis
1131 1621 1184 1691 di-

140 1747 298 1838 reptione
335 1744 423 1814 clam
463 1744 613 1815 sublatas
645 1743 1044 1839 Constantinopolimque
1071 1746 1186 1816 missas

139 1864 244 1936 fuisse
282 1879 356 1935 turn
396 1867 502 1959 Sergii
538 1867 582 1937 ed
620 1867 831 1956 Honorium‚
862 1879 937 1937 turn
976 1865 1117 1937 Honorii
1142 1865 1186 1936 ad

141 1989 297 2082 Sergium
320 2001 354 2062 et
378 1989 622 2084 Imperatorem
644 1989 776 2079 literae,
796 1989 900 2084 idque
917 1987 1014 2059 nullo
1031 1987 1097 2060 alio
1115 1987 1185 2060 fine

140 2136 245 2207 quam
288 2125 326 2182 ut
362 2111 519 2184 Pontifex
554 2111 767 2184 ordinandus
792 2112 995 2202 Serenum,
1022 2135 1087 2182 nec
1114 2113 1185 2206 pri-

142 2247 250 2306 mates
283 2235 425 2306 clericos
451 2237 485 2305 iu
512 2235 655 2306 exilium
685 2237 803 2306 missos
828 2258 892 2306 nec
920 2233 1186 2328 praedecessoris

140 2359 267 2452 scripta
302 2357 346 2428 de
382 2369 497 2429 exorta
532 2358 664 2428 noviter
688 2357 816 2428 haeresi
843 2355 1182 2458 consulerevaleds,

139 2479 188 2549 ab
212 2479 337 2570 Isacia,
365 2482 420 2550 eui
448 2479 514 2550 hoc
542 2504 668 2550 munus
696 2499 756 2574 per
780 2478 1022 2573 Imperatorem
1040 2477 1184 2550 deman·

139 2601 261 2672 delum
301 2601 433 2692 fuerat,
473 2600 607 2672 facilius
645 2600 876 2672 adduceretur
899 2601 945 2670 ad
971 2601 1183 2696 probandam

9 2739 12 2806 ’μ
139 2724 316 2804 Eclhesin.
350 2724 589 2819 Conjecturam
616 2747 688 2795 esse
712 2723 836 2815 fateor,
864 2723 924 2798 sed
949 2729 1182 2819 conjecturam

140 2873 214 2920 non
254 2874 374 2943 perum
414 2846 650 2942 probabilem
685 2871 728 2918 ex
760 2870 801 2918 eo
827 2848 919 2917 enim
945 2848 1040 2943 quod
1064 2870 1184 2920 omnes

142 2974 305 3065 primates
330 2967 497 3041 Ecclesiae
525 2970 619 3064 prius
644 2970 681 3040 in
706 2966 849 3040 exilium
876 2971 1083 3060 missisunt,
1102 2972 1182 3040 setis

139 3105 306 3189 apparet.
333 3091 527 3189 spoliationi
554 3092 769 3163 lateranensi
799 3103 932 3188 praeter
949 3091 1109 3188 praedam
1148 3102 1183 3161 et

136 3214 240 3288 aliam
279 3214 449 3289 subfuisse
487 3239 646 3305 causam,
689 3239 779 3312 quae
815 3239 938 3306 causa,
976 3216 1002 3286 si
1040 3238 1079 3286 ea
1105 3227 1176 3304 est,

135 3365 244 3437 quam
279 3341 455 3436 suspicor,
489 3361 560 3409 uon
597 3336 708 3408 solum
747 3338 917 3434 explicat,
944 3337 1177 3434 quomodo'et

141 3465 282 3536 Honorii
313 3475 347 3534 et
374 3463 480 3554 Sergii
506 3459 670 3555 epistolae
694 3484 714 3530 e
738 3461 912 3532 Romanae
937 3459 1106 3532 Ecclesiae
1129 3473 1182 3531 ta·

141 3586 277 3658 bular'io
317 3607 455 3681 prorsus
494 3582 622 3654 fuerint
658 3581 877 3676 deperditae,
917 3606 1035 3654 verum
1078 3585 1180 3654 etiarn

140 3707 312 3799 declarat,
352 3708 412 3804 qui
452 3705 524 3777 lieri
564 3707 733 3801 potuerit,
777 3719 814 3778 ut
850 3706 992 3778 Honorii
1022 3705 1182 3776 adversus
1298 3787 1299 3790 Ἴ

141 3813 309 3904 haeresim
332 3843 432 3919 octo,
447 3852 536 3924 quae
548 3829 584 3901 S.
603 3828 773 3900 Maximus
790 3842 1055 3918 commemorat,
1075 3851 1182 3924 quae-

139 3977 213 4051 que
236 3953 485 4051 impedimento
510 3950 614 4040 fuisse
632 3950 811 4042 videntur,
826 3953 1033 4048 quominus,
1049 3952 1183 4024 vivente

177 4251 205 4322 1)
242 4249 337 4308 Lebbe
356 4251 395 4316 V,
415 4251 491 4304 1753.
