3092 5000
637 414 685 483 97

174 588 286 658 Verba
301 588 405 659 haec:
426 587 547 658 saltem
561 589 702 658 tacendo
718 589 931 678 demsterent,
943 587 1073 682 Agatho
1085 590 1177 684 Papa

140 735 180 782 ex
193 713 392 803 communi,
410 735 498 806 quae
515 711 644 782 Romae
675 714 820 804 viguisse
844 712 978 782 videtur
991 715 1168 801 sententia,

137 834 231 928 qnod
256 834 349 928 Papa
374 816 545 928 Honorius
574 857 593 902 a
619 833 735 925 Sergio
749 847 783 903 et
808 832 896 928 Cyro
918 833 1175 930 expostulasset,

134 969 173 1027 ut
216 956 261 1027 de
286 967 393 1047 nova,
422 981 526 1052 quam
563 956 834 1051 profitebantur,
870 957 1024 1030 doctrina
1058 956 1178 1028 saltem

133 1078 307 1150 silentium
326 1081 565 1170 observarent,
585 1079 629 1149 ad
642 1082 745 1150 istum
762 1057 1057 1175 praedecessorem
1077 1105 1177 1152 suum

140 1201 321 1292 retulisse,
349 1226 421 1273 non
447 1203 618 1273 immerito
644 1204 837 1296 conjicitur.

185 1325 255 1395 Sed
272 1325 392 1395 eadem
410 1325 552 1420 epistola
569 1327 660 1394 circa
674 1326 780 1420 finem
796 1325 881 1396 haec
897 1349 1033 1422 quoque
1050 1326 1154 1396 habet
1171 1354 1178 1396 :

141 1517 146 1525 '
181 1519 397 1604 Evangelicam
428 1526 520 1602 atque
550 1519 759 1604 Apostolioam
781 1521 975 1585 orthodoxae
1003 1522 1074 1586 fidei
1096 1520 1185 1585 recti·

132 1621 295 1697 tudinem,
330 1642 407 1704 quae
440 1621 569 1683 lundata
604 1627 649 1685 est
684 1644 773 1706 super
810 1623 927 1686 firmam
951 1628 1067 1707 petram
1091 1622 1183 1706 hujus

132 1721 217 1786 beati
250 1722 334 1786 Petri
367 1720 586 1806 Apostolorum
622 1721 773 1806 Principis
808 1723 978 1801 Ecclesiae,
1004 1743 1088 1801 quan
1112 1745 1184 1788 saus

134 1843 253 1887 enarra
288 1843 393 1901 arcun
427 1842 591 1885 rnnusrnro
627 1842 668 1885 aa
700 1844 780 1886 orum
803 1844 926 1887 nascar
947 1845 1093 1887 marnam
1116 1845 1185 1887 rna-

133 1943 260 2000 msunr,
297 1923 396 1986 omnis
429 1923 606 2007 praesulum
632 1945 778 1987 numerus
801 1946 836 1987 ac
873 1926 1081 2001 sacerdotum,
1114 1923 1186 1988 cleri

133 2047 171 2088 ac
186 2024 370 2109 populorum
396 2023 600 2100 unanimiter,
625 2024 665 2087 ad
686 2023 870 2108 placendum
893 2025 960 2088 Deo
989 2024 1182 2107 animamque

132 2123 330 2202 salvandam,
354 2124 492 2188 veritatis
512 2124 675 2188 formulam
690 2124 885 2209 Apostolicae
897 2124 1073 2188 traditionis
1084 2125 1185 2188 nobis·

132 2247 206 2291 cum
229 2227 410 2290 confiteatur
432 2231 463 2289 et
485 2225 649 2310 praedicet.
692 2225 776 2289 Haec
799 2233 901 2290 autem
925 2231 1046 2289 nostrae
1072 2224 1185 2290 humil-

132 2327 226 2392 limae
250 2327 439 2412 suggestioni
461 2326 614 2390 innectere
629 2327 869 2405 ¹curatimus,....
888 2349 951 2390 non
969 2326 1074 2390 invido
1093 2326 1185 2410 (sicut

132 2429 219 2492 Deus
254 2427 342 2492 testis
377 2429 435 2510 est)
469 2427 588 2505 animo,
624 2449 724 2510 neque
747 2451 800 2512 per
818 2427 981 2492 elationem
1003 2427 1180 2512 jactantiae,

133 2550 236 2612 neque
259 2551 312 2614 per
336 2528 542 2592 contentionis
565 2527 796 2607 adversitatem,
821 2550 920 2610 neque
934 2527 1066 2592 inaniter
1079 2550 1184 2592 corum

134 2629 309 2694 doctrinam
346 2629 504 2714 cupientes
535 2629 771 2713 reprehendere,
804 2652 903 2712 neque
926 2629 1094 2712 quamlibet
1117 2630 1185 2712 quis

133 2731 307 2816 suspicetur
347 2731 499 2794 humanae
533 2729 744 2794 delectationis
779 2731 1003 2815 arrogantiam,
1041 2732 1093 2795 sed
1127 2753 1182 2814 pro

133 2831 234 2916 ipsius
255 2830 409 2908 veritatis,
433 2830 468 2893 in
491 2851 552 2912 qua
574 2829 683 2894 salvari
706 2853 762 2894 nos
785 2831 983 2909 confidimus,
998 2831 1184 2895 rectitudine

133 2939 169 2996 et
201 2955 257 3017 pro
291 2931 389 3017 ipsius
424 2953 517 3017 purae
550 2931 739 3016 evangelicae
763 2931 962 2996 confessionis
986 2932 1105 3017 regula,
1127 2954 1183 3017 pro

134 3033 235 3098 salute
257 3032 402 3097 videlicet
424 3032 612 3110 animarum,
638 3055 672 3095 ac
683 3031 867 3117 reipublicae
886 3032 1077 3097 Christianae
1092 3032 1183 3096 stabi-

133 3135 240 3213 litate,
272 3157 328 3220 pro
359 3133 506 3219 sospitate
529 3133 659 3196 Romani
684 3133 811 3217 Imperii
834 3132 1041 3219 gubernacula
1064 3133 1183 3218 dispen-

135 3233 292 3314 santium,
328 3258 412 3300 meae
444 3233 630 3298 humilitatis
660 3235 839 3316 Apostolicos
857 3238 1087 3316 praedecessores
1110 3255 1184 3299 corr·

133 3358 306 3414 monmssn,
340 3357 492 3413 accessa,
525 3338 727 3413 marmaissa,
752 3356 955 3413 oasncarssn,
976 3357 1126 3402 racurssn
1145 3357 1183 3400 nr

134 3459 250 3502 omnum
271 3459 387 3502 monum
409 3456 660 3501 nxuoarrrroms
682 3457 885 3515 nunncurssn,
911 3444 1062 3520 quatenus
1085 3438 1183 3502 mede·

134 3539 199 3602 lam
220 3539 317 3624 possit
340 3560 443 3602 recens
466 3537 579 3601 vulnus
603 3537 745 3620 accipere.
764 3537 836 3626 ¹Nec
858 3543 929 3622 post
950 3537 1054 3601 inoliti
1074 3537 1181 3602 erroris

133 3639 373 3703 diuturnitatem
409 3661 426 3702 a
461 3637 696 3701 commonitione
731 3637 884 3701 siluerunt
913 3675 957 3686 -
992 3641 1049 3722 [ad
1076 3638 1182 3702 erroris

132 3741 229 3822 iqiteer
251 3741 372 3804 exordia
393 3741 550 3826 efferenda
572 3745 641 3802 suot
655 3740 860 3820 praecedentis
874 3740 995 3822 periodi
1013 3741 1114 3822 cerba]
1138 3774 1181 3786 -

132 3842 187 3906 sed
221 3863 341 3907 samana
371 3840 487 3906 hortati
510 3845 583 3903 sunt
606 3861 640 3903 ac
663 3840 825 3904 contestati
832 3865 842 3917 3
866 3846 896 3904 et
916 3841 974 3904 hoc
993 3863 1030 3905 ex
1049 3839 1182 3904 fraterna

130 3942 299 4021 charitate,
335 3964 400 4007 nou
428 3963 482 4027 per
517 3940 664 4004 malitiam
695 3941 742 4005 vel
764 3941 963 4026 pertinaciam
987 3942 1122 4005 odiosam
1147 3943 1178 4026 ¹).

170 4175 198 4247 r)
235 4177 306 4232 rara.
327 4181 386 4233 ara.
