3140 5004
639 527 684 599 19

129 700 252 767 Nullus
285 703 367 767 enim
400 703 530 787 decipiet
560 725 613 788 per
646 702 869 788 philosophiam
898 710 929 766 et
951 705 1073 769 inanem
1095 706 1179 772 fella·

129 804 212 868 ciam
246 804 412 890 discipulos
446 803 646 888 piscatorum,
680 826 787 868 eornm
809 805 978 869 doctrinam
1002 815 1180 890 sequentes3

130 905 237 970 omnia
271 906 352 970 enim
386 911 566 990 argumenta
599 905 758 990 scopulosa
798 904 1014 990 disputationis
1053 908 1180 973 callidae

131 1012 228 1090 atque
250 1007 413 1092 fluctivaga
434 1006 517 1070 intra
539 1028 644 1071 eorum
667 1006 744 1070 retia
766 1012 840 1070 sunt
863 1006 976 1072 collisa.

178 1107 265 1172 Haec
297 1107 457 1172 nobiscum
492 1107 665 1172 fraternitas
688 1113 788 1171 vestra
809 1107 979 1192 praedicet,
992 1109 1181 1175 sicutetnos

130 1231 169 1274 ea
201 1208 357 1273 vobiscum
392 1208 579 1273 unanimiter
613 1209 838 1292 praedicamus,
872 1207 1121 1289 hortantesvos,
1146 1219 1183 1275 ut

132 1309 230 1373 nnius
252 1308 301 1373 vel
323 1309 461 1394 geminae
484 1331 579 1374 novae
601 1308 683 1373 vocis
705 1308 866 1372 inductum
892 1310 1076 1394 operationis
1099 1335 1184 1376 voca·

130 1409 243 1475 bulum
268 1409 478 1496 aufugientes,
502 1432 599 1473 unum
620 1409 778 1474 nobiscum
798 1410 967 1474 Dominum
978 1412 1084 1476 Jesnm
1097 1413 1182 1476 Chri-

131 1517 218 1575 stum
239 1511 354 1575 lilium
377 1511 436 1575 Dei
455 1510 531 1589 vivi,
555 1511 655 1575 Deum
668 1510 856 1575 verissimum
865 1559 875 1588 ,
887 1511 922 1576 in
935 1512 1054 1576 duabus
1064 1515 1183 1577 naturis

131 1619 294 1698 operatum
328 1611 477 1676 divinitus
513 1618 604 1695 atque
639 1611 835 1690 humanitus,
869 1613 929 1677 fide
953 1614 1124 1679 orthodoxe
1152 1622 1184 1679 et

128 1714 253 1778 unitate
274 1712 432 1777 Catholica
454 1711 642 1799 praedicetis.
689 1712 889 1797 Subscriptio.
924 1714 1008 1779 Deus
1046 1721 1077 1780 te
1099 1716 1180 1782 inco·

130 1814 250 1880 lumem
273 1815 444 1891 custodiat,
468 1812 664 1878 dilectissime
686 1819 778 1897 atque
811 1815 1001 1880 sanctissime
1035 1815 1127 1881 frater
1150 1819 1182 1900 ¹).

184 2037 366 2134 Epistulam
401 2037 490 2107 hanc
522 2039 610 2107 circa
644 2061 776 2107 annum
810 2037 883 2107 aaa
908 2041 1040 2135 scripsit
1064 2040 1183 2112 Hono·

128 2164 241 2249 rius3·
264 2185 344 2230 narn
371 2159 603 2253 Sophronius7
637 2182 741 2253 quem
768 2185 811 2230 cc
827 2162 951 2231 auditu
976 2162 1183 2256 Episcopum

130 2295 251 2372 vocat,
279 2295 427 2353 exeunte
446 2306 542 2354 anno
557 2280 630 2350 688
647 2282 839 2353 Putriarchu
854 2283 1181 2379 Hierosolymitanus

128 2420 266 2479 creatus
290 2405 366 2475 filit.
396 2406 515 2476 Postea
543 2416 576 2475 et
601 2404 742 2476 alteram
770 2404 813 2474 ud
840 2405 1003 2476 eumdem
1026 2407 1180 2499 Sergium

129 2531 287 2624 scripsit⁷
332 2531 429 2622 cujus
469 2525 659 2620 fragmenta
700 2541 833 2598 tantum
876 2542 1010 2599 exstant
1049 2531 1182 2600 actione

130 2645 266 2724 decima
291 2652 388 2720 tertia
415 2649 554 2721 Consilii
580 2651 686 2738 sexti3
713 2674 801 2745 qnae
826 2651 980 2721 similiter·
1003 2652 1069 2723 hoc
1106 2652 1180 2724 loco

131 2774 386 2869 subjungimus.

181 2995 308 3059 Honorii
343 2996 454 3060 Latina
485 2993 613 3078 epistola
646 3015 715 3055 cum
749 2993 1000 3077 interpretatione
1022 3015 1077 3057 sua
1100 2995 1180 3078 [pro-

131 3098 197 3162 lata
217 3098 278 3180 est]
287 3143 297 3173 ,
322 3095 438 3160 habens
460 3094 495 3158 in
516 3092 771 3177 superscriptione
788 3093 852 3157 ita:
873 3095 1073 3158 Dilectissimo
1074 3095 1180 3178 fratri

134 3198 236 3280 Serpio
269 3197 435 3276 Honorias,
470 3194 558 3277 cnjus
587 3193 710 3256 initium
741 3193 822 3256 fuit:
859 3194 975 3275 Scripta
997 3195 1180 3258 dilectissimi

124 3299 194 3384 fit‘a'
216 3298 309 3362 nostri
333 3296 428 3382 Spain
447 3294 574 3359 diaconi.
597 3291 700 3357 Habet
721 3299 823 3357 autem
846 3293 950 3358 eadem
969 3293 1178 3379 epistolapost

131 3421 230 3486 pauca
251 3399 346 3463 haec:

178 3500 308 3564 Necnon
354 3504 385 3562 et
422 3497 502 3580 Cyro
546 3494 633 3558 fratri
666 3501 771 3559 nostro
807 3495 1011 3560 Alexandriae
1046 3495 1177 3560 civitatis

132 3601 284 3688 praesuli,
321 3604 471 3683 qnatenus
494 3618 589 3660 novae
612 3594 836 3659 adinventionis
859 3596 951 3660 unius
973 3595 1021 3660 vel
1045 3597 1173 3659 duarum

132 3701 345 3788 operationum
367 3697 515 3763 vocabulo
536 3696 686 3773 refutato,
711 3695 791 3760 claro
802 3696 861 3760 Dei
879 3696 1082 3761 Ecclesiarnm
1094 3718 1177 3780 prae·
1228 3778 1234 3790 ,

132 3804 222 3869 conio
255 3800 470 3866 nebulosarum
504 3796 763 3863 concertationum
798 3796 942 3882 caligines
972 3797 1090 3861 offundi
1111 3819 1193 3861 non·

132 3904 264 3970 debeant
287 3901 335 3966 vel
357 3899 491 3986 aspergi,
516 3907 552 3962 ut
574 3899 708 3982 profecto
731 3897 824 3962 unius
846 3897 893 3962 vel
915 3897 1053 3983 geminae
1075 3919 1176 3982 opera

129 3987 428 4071 tionis'vocabulum
451 4000 571 4066 noviter
589 3999 799 4062 introductum
820 4020 856 4062 ex
867 3998 1091 4082 praedicatione
1102 3997 1173 4061 fidei

164 4252 194 4320 1)
230 4249 325 4305 nauso
343 4248 399 4314 nr,
418 4243 567 4302 saa-aaa.
