3092 5000
615 490 685 560 tat

127 678 307 760 utramque
332 666 482 755 Sedem2
510 668 698 737 Romanam
725 664 851 736 scilioet
876 677 910 734 et
929 665 1165 735 Constantino-

126 787 338 882 politanam,
359 823 373 851 »
383 815 425 861 eu
441 815 508 884 quo
525 791 677 860 novitatis
694 789 796 859 rerba
820 789 945 859 moveri
965 798 1162 882 coeperunt,

126 913 287 984 »minimo
319 915 409 984 inter
442 938 478 983 se
507 911 739 984 convenisse.⁷’
768 912 884 982 Virum
909 913 1034 1001 istum,
1061 933 1164 1006 quern

126 1032 292 1105 librorum
317 1047 550 1130 corruptorem
572 1040 645 1130 jam
662 1037 838 1124 novimus,
859 1037 986 1105 interea
1003 1036 1165 1130 temporis

126 1156 267 1227 Honorii
292 1182 429 1254 quoque
452 1157 564 1228 literas
590 1157 824 1252 interpolasse,
843 1159 915 1228 sine
933 1156 1002 1228 ulla
1027 1159 1165 1227 temeri-

124 1281 200 1350 tatis
226 1293 306 1351 nota
334 1293 369 1350 et
393 1277 559 1376 conjicere
583 1293 618 1352 et
635 1279 805 1352 affirmare
821 1304 919 1377 posse
937 1281 1020 1350 mihi
1038 1276 1162 1350 videor.

172 1499 315 1571 Honorii
339 1502 678 1595 itaque‘menroriam
704 1525 766 1596 pro
792 1524 890 1596 posse
906 1500 1161 1571 vindicavimus.

125 1622 229 1694 Variis
266 1625 359 1694 enirn
398 1627 625 1717 argumentis,
665 1648 707 1696 ex
744 1624 994 1695 Monothelismi
1029 1623 1164 1694 historia

126 1745 329 1842 plerumque
361 1750 493 1842 petitis,
528 1748 594 1819 hoo
627 1748 859 1819 demonstrare
880 1749 991 1819 conati
1017 1771 1162 1833 sumusq

125 1893 164 1940 ea
193 1895 281 1964 quae
309 1870 352 1942 de
377 1871 503 1943 indicto
529 1874 616 1943 eirca
641 1873 761 1944 Christi
787 1873 999 1968 operationes
1033 1868 1164 1941 silentio

124 1993 161 2061 in
186 1993 325 2064 Honorii
360 1994 510 2089 epistolis
542 1994 707 2087 legimus,
744 2020 815 2085 non
848 1994 892 2065 ab
917 1994 1067 2064 Honorio
1092 2017 1164 2063 esse

125 2117 332 2211 oonsoriptaq
368 2118 428 2187 sed
452 2117 749 2189 Monothelitarum
775 2116 894 2187 frande
919 2117 1010 2187 hisce
1034 2115 1161 2185 addita.

127 2237 220 2324 Quae
244 2252 443 2332 argumenta
468 2253 584 2311 utrum
610 2265 683 2326 rem
704 2253 858 2311 nostram
884 2263 998 2310 revera
1019 2237 1164 2309 demon-

126 2373 256 2451 strent,
277 2363 464 2457 peritorum
485 2363 614 2456 jndicio
641 2362 902 2458 disceptandum
927 2360 1162 2456 relinquimus.

125 2483 193 2553 Nos
218 2485 366 2576 interim7
394 2484 510 2556 libello
536 2498 651 2557 nostro
679 2486 784 2556 finem
810 2487 1045 2580 imponentes,
1076 2505 1164 2577 quae

124 2629 167 2675 ex
200 2606 339 2678 Honorii
366 2609 536 2703 epitaphio
575 2609 754 2705 desumpta
784 2621 863 2680 sunt
892 2607 1016 2697 verba,
1043 2606 1162 2675 intima

126 2729 231 2798 animi
258 2733 474 2828 persuasione
499 2733 703 2827 repetimus:

223 2936 332 3009 Tsenti
357 2966 530 3012 vraornrris
555 2967 593 3012 An
618 2963 811 3013 notrannus
832 2965 942 3028 vnnr,

225 3061 394 3144 Tnouuoun
420 3089 550 3134 vannus
574 3088 615 3134 un
639 3089 730 3134 visan
755 3087 863 3132 aaran
888 3081 1063 3131 rnnmrnr.
