3092 5000
853 450 924 522 tao

365 635 574 730 »perniciosa
605 630 766 701 continuo
799 628 844 698 ob
860 627 1048 722 perfectum
1065 631 1303 702 exterminium
1321 631 1400 724 igne

365 755 610 830 »concremari
638 754 683 822 Et
706 752 878 823 combusta
902 751 1005 822 aaud'
1023 753 1061 840 ¹).

413 881 508 969 Quae
522 891 595 950 tum
610 876 654 948 de
667 878 796 947 ratione
813 901 893 971 qua,
905 889 980 946 tum
996 876 1040 947 de
1056 876 1207 949 fontibus
1220 879 1400 973 exquibus

364 1005 505 1077 Honorii
529 1001 690 1097 epistolae
714 1001 749 1069 in
774 998 888 1070 lucem
916 1000 1123 1095 prodierint,
1151 1001 1274 1073 hocin
1289 1004 1400 1098 capite

365 1127 619 1216 enarravimus,
646 1148 685 1195 ea
710 1136 844 1194 tantum
882 1123 998 1215 abest,
1040 1124 1249 1215 stolidas,
1276 1125 1400 1220 quibus

364 1265 462 1324 antea
494 1217 679 1320 earundem
706 1248 960 1341 corruptionem
986 1246 1310 1338 demonstravimus,
1337 1248 1400 1319 de-

365 1384 497 1446 struant
514 1372 663 1442 rationes
674 1382 732 1460 ‚ut
745 1393 801 1441 eas
817 1371 931 1465 potius
947 1369 1038 1441 haud
1055 1395 1180 1466 parom
1196 1370 1401 1443 confirmare

361 1496 553 1568 videantur.
597 1494 710 1564 Restat
734 1495 853 1585 igitur,
881 1505 919 1562 ut
943 1495 1177 1590 gravissimae,
1207 1520 1290 1589 quas
1312 1497 1401 1566 inter

364 1620 446 1690 alios
470 1617 681 1687 doctissimus
705 1614 821 1685 Palma
847 1616 1035 1686 sententiae
1059 1629 1194 1688 nostrae
1218 1620 1400 1713 opposuit,

364 1739 578 1814 difficultates
603 1762 666 1832 pro
692 1762 789 1832 posse
814 1762 833 1808 a
859 1737 957 1809 nobis
982 1738 1168 1810 solvantur.

412 1863 504 1934 Haec
544 1864 658 1956 itaque
698 1861 793 1956 apud
833 1860 965 1933 dictum
1002 1865 1186 1934 auctorem
1209 1863 1398 1956 leguntur:

366 1986 657 2058 »Exmtimandum
683 1987 822 2057 omnino
845 1998 908 2076 est,
924 1985 1206 2057 vereHonorium
1232 1987 1404 2082 scripsisse

365 2109 473 2181 »duas
510 2107 583 2179 illas
620 2107 777 2203 epistolas
810 2107 854 2177 ad
891 2108 1067 2201 Sergium,
1111 2132 1223 2204 neque
1259 2111 1403 2182 concedi

365 2245 499 2329 »potest
531 2255 586 2302 eas
617 2229 717 2302 fuisse
750 2233 889 2302 vitiatas.
941 2231 1095 2303 Bartolus
1122 2233 1147 2321 ’)
1173 2231 1334 2329 quidem,
1364 2248 1404 2305 ut

366 2369 518 2429 »ceteros
556 2356 732 2444 omittam,
768 2355 803 2423 in
829 2356 991 2425 recensita
1017 2380 1119 2450 supra
1144 2354 1316 2454 Apologia
1334 2383 1403 2451 pro

362 2480 566 2575 ¹»Honorio⁷
593 2501 635 2548 ex
660 2476 793 2548 duabus
817 2476 882 2547 illis
907 2478 1055 2572 epistolis
1079 2477 1219 2549 alteram
1236 2480 1400 2572 vitiatam,

366 2604 528 2674 »alteram
563 2601 744 2673 confictam
761 2587 876 2672 ¹fuisse
904 2601 1080 2696 judicavit.
1132 2602 1199 2673 Sed
1235 2605 1402 2676 sententia

368 2729 451 2799 »ista
477 2725 612 2821 probari
637 2749 708 2796 non
733 2737 856 2820 potest.

416 2884 429 2912 a
439 2850 526 2920 Nam
539 2848 679 2920 Honorii
689 2847 805 2920 literae
817 2850 853 2918 in
867 2847 1015 2919 Concilio
1029 2861 1122 2920 sexto
1141 2873 1256 2921 coram
1272 2849 1405 2944 Legatis

368 3001 382 3037 »ι
392 2973 486 3045 Sedis
509 2970 722 3067 apostolicae
744 2983 779 3041 et
804 2970 942 3042 Concilii
968 2972 1113 3043 Romani
1129 2985 1209 3044 sunt
1227 2975 1400 3065 recitatae,

366 3131 381 3160 »
389 3108 545 3168 accurata
570 3096 822 3188 comparatione
836 3093 923 3167 facta
939 3119 1019 3166 cum
1034 3096 1194 3190 exemplo
1210 3096 1400 3189 literarum

367 3218 484 3314 »quod
519 3219 556 3288 in
595 3216 985 3312 Constantinopolitanae
1032 3217 1193 3290 Ecclesiae
1236 3219 1403 3292 tabulario

367 3377 382 3406 »
391 3342 556 3430 exstabat3
569 3340 681 3432 Legati
694 3363 772 3411 vero
784 3339 1035 3432 diligentissime
1047 3340 1155 3412 functi
1167 3355 1247 3413 sunt
1262 3368 1407 3416 munere

368 3500 381 3529 »
391 3489 451 3538 suo
475 3467 512 3534 in
526 3489 565 3535 ea
581 3463 731 3559 Synodo.
759 3464 877 3558 Neque
893 3466 982 3559 passi
996 3476 1087 3536 certe
1102 3465 1255 3557 fuissent,
1271 3466 1401 3563 aliquid

366 3625 380 3652 »
389 3587 546 3659 Pontifici
577 3587 704 3678 tn'bui,
733 3587 825 3683 quod
849 3587 1005 3659 Pontifici
1039 3612 1109 3659 non
1134 3604 1220 3662 esset
1248 3591 1402 3663 tribuen-

366 3710 498 3784 »dum'’
518 3711 556 3800 ⁸).
652 3783 654 3786 .

402 3923 431 3992 1)
448 3920 519 3976 Ibid.
539 3921 687 3974 944-972.

402 4007 431 4074 2)
448 4005 526 4061 Joan.
544 4005 625 4078 Bapt.
645 4005 788 4070 Bartolus,
814 4004 947 4075 quondam
970 4003 1118 4079 Episcopus
1146 4006 1322 4075 Feltriensis,
1339 4010 1401 4066 dein

367 4087 589 4162 Archiepiscopus
607 4089 788 4154 Naziancani;
806 4088 911 4161 scripsit
929 4091 1081 4161 Apoloqiam
1098 4110 1145 4160 pro
1165 4093 1280 4148 Honorio
1301 4095 1325 4148 Ι.

404 4173 432 4242 3)
450 4173 528 4228 Joan.
546 4175 625 4247 Bapt.
640 4173 744 4239 Palma,
764 4174 954 4229 Praelectionea
971 4177 1029 4229 tot.
1050 4177 1110 4230 eccl.
1129 4175 1204 4232 Tom.
1222 4175 1264 4244 ΙΙ,
1283 4177 1365 4234 Parte
1376 4176 1400 4243 I,

368 4274 428 4332 pag.
448 4258 500 4314 150
515 4259 628 4328 (Romae
648 4259 738 4328 1839).

1535 3591 1538 3770 l
