3140 5004
874 503 919 577 lt

372 681 452 745 dere.
475 681 547 744 Hoc
570 703 702 764 namque
727 703 784 746 nos
807 682 870 745 Leo
892 681 951 746 Dei
967 678 1098 765 portitor
1109 675 1248 752 instruit,
1261 671 1438 738 manifeste

371 781 552 866 perhibens:
576 782 653 867 Agit
675 782 757 846 enim
780 788 910 865 utraque
931 781 1028 845 forma
1050 802 1121 844 cum
1143 776 1269 842 alterius
1293 791 1441 838 commu-

371 881 482 959 nione,
515 883 598 965 quod
621 882 778 967 proprium
802 882 904 948 babet.
949 883 990 946 In
1013 881 1126 964 quibus
1149 877 1334 962 rescriptum
1357 872 1440 963 piae

369 981 516 1066 jussionis
550 982 587 1047 ab
622 984 687 1069 ejus
721 983 966 1048 mansuetissima
1002 980 1190 1067 suscepimus
1213 973 1437 1048 fortitudine,

372 1105 450 1165 quac
473 1106 491 1146 a
513 1085 578 1148 Deo
602 1086 838 1156 conservandam
861 1085 929 1169 ejus
942 1083 1137 1149 serenitatem
1154 1081 1341 1153 condecent,
1356 1095 1440 1138 con·

371 1183 533 1250 tinentem.

358 1366 364 1372 ⁴
416 1285 476 1349 His
508 1284 606 1371 igitur
628 1286 772 1351 omnibus
795 1286 947 1372 principio
970 1286 1016 1350 ita
1037 1281 1307 1370 provenientibus,
1331 1276 1440 1342 ratio·
1495 1349 1496 1352 Ἴ

370 1385 472 1451 nabile
506 1387 598 1451 simul
632 1394 663 1452 et
697 1387 901 1452 necessarium
931 1386 1136 1471 judicavimus
1171 1386 1209 1449 de
1243 1382 1312 1459 his,
1345 1399 1438 1462 quac

370 1487 484 1572 partim
506 1495 672 1552 memorata
694 1495 785 1565 sunt,
809 1487 1016 1573 cognitionem
1037 1488 1109 1552 dare
1131 1492 1249 1550 vestrae
1272 1482 1439 1546 fraternae
1563 1487 1564 1496 ’

372 1594 465 1670 atque
499 1587 641 1652 unanimi
675 1588 862 1653 beatitudini
894 1611 949 1673 per
971 1586 1171 1672 exemplaria,
1193 1607 1271 1669 quae
1294 1605 1313 1646 a
1335 1579 1439 1644 nobis

372 1689 488 1754 directa
522 1695 612 1766 sunt,
648 1695 679 1753 et
706 1689 904 1753 adhortamur
924 1712 978 1753 vos
1001 1687 1197 1753 sacratissimi
1219 1686 1296 1750 haec
1321 1680 1438 1747 omnia

372 1789 488 1873 legere3
512 1795 544 1853 et
565 1789 631 1853 Deo
654 1789 798 1874 placitam
820 1812 855 1854 ao
878 1789 1086 1874 plenissimam
1110 1788 1284 1863 mutatam,
1298 1782 1436 1869 quaein

372 1889 459 1953 vobis
482 1894 544 1966 est,
569 1911 653 1953 nune
676 1912 797 1973 quoquc
820 1897 996 1973 sequentes,
1009 1890 1036 1954 si
1048 1890 1124 1973 quid
1136 1888 1270 1974 amplius
1283 1887 1438 1950 minusve

374 1989 570 2066 inveneritis,
594 1990 653 2054 hoo
675 2013 729 2075 per
752 1992 854 2054 datam
876 1991 962 2054 vobis
984 2013 1002 2054 a
1024 1991 1091 2055 Deo
1102 1990 1234 2075 gratiam
1246 1987 1437 2072 adimplere,

374 2097 466 2173 atque
488 2113 542 2175 per
565 2097 684 2154 sanetas
707 2090 838 2175 syllabas
861 2098 974 2155 vestras
996 2113 1059 2154 una
1081 2113 1151 2154 oum
1173 2096 1274 2154 vestra
1295 2084 1438 2172 optabili

373 2192 537 2276 sospitate,
573 2214 710 2274 quaeque
742 2191 902 2286 superbis
926 2191 1011 2256 vobis
1035 2191 1151 2256 fuerint
1176 2189 1309 2276 placita,
1335 2186 1441 2273 signi-
1565 2223 1566 2250 r

373 2293 462 2356 ficare
487 2291 519 2374 ¹).

423 2490 668 2558 praetermissis
694 2491 840 2582 quaein
866 2488 955 2557 hanc
980 2477 1085 2580 Sergii
1109 2488 1272 2559 haeretici
1297 2488 1437 2582 episto-

374 2609 464 2697 lam,
492 2608 635 2702 perfidia
661 2622 695 2678 et
721 2607 904 2678 mendaciis
929 2609 1089 2702 plenam,
1118 2613 1229 2682 notari
1255 2623 1433 2704 possent,

374 2755 576 2825 responsum
602 2730 742 2800 Honorii
774 2731 910 2823 Papae,
939 2733 988 2801 uti
1011 2734 1047 2801 in
1073 2731 1214 2802 Concilii
1231 2725 1319 2804 sexti
1341 2734 1436 2802 acti-

374 2876 440 2924 one
466 2853 526 2921 Xll
550 2853 697 2942 legitur,
725 2852 837 2920 statim
862 2851 1072 2944 subjicimus.

415 3058 534 3142 Scripta
570 3057 771 3121 fraternitatis
804 3063 919 3120 vestrae
944 3059 1148 3144 suscepimus,
1172 3063 1227 3146 p'er
1252 3085 1334 3147 quac
1359 3086 1437 3128 con·

370 3158 524 3223 tentiones
547 3159 694 3241 quasdam
717 3163 748 3220 ct
771 3178 984 3221 novasvocum
1003 3161 1196 3241 quaestiones
1222 3163 1437 3247 cognovimus
1462 3155 1464 3158 ⁵

370 3260 562 3322 introductas
595 3279 650 3342 per
680 3256 885 3340 Sophronium
918 3259 1087 3339 quendam,
1111 3267 1189 3325 tuno
1219 3264 1436 3341 monachum,

371 3380 455 3421 nune
488 3380 558 3420 vero
592 3379 629 3420 ex
660 3355 769 3418 auditu
800 3354 986 3438 Episcopum
1015 3357 1319 3444 Hierosolymitanae
1342 3365 1438 3430 urbis

372 3457 586 3532 constitutum,
610 3456 752 3518 adversus
775 3453 898 3516 fratrem
923 3462 1062 3520 nostrum
1081 3457 1197 3543 Cyrum
1216 3463 1437 3530 Alexandriae

373 3556 562 3632 antistitem,
585 3576 679 3616 uuam
704 3552 909 3636 operationem
931 3554 1059 3620 Domini
1082 3561 1183 3632 nostri
1206 3563 1284 3626 Jesu
1308 3548 1438 3629 Christi

373 3655 525 3721 conversis
548 3677 584 3718 ex
608 3651 723 3716 haeresi
746 3651 978 3735 praedicantem.
1011 3657 1074 3736 Qui
1093 3659 1436 3743 deniqueadvestram

372 3755 597 3820 fraternitatem
635 3750 824 3836 Sophronius
867 3751 1009 3830 veniens,
1054 3757 1273 3843 querelamque
1320 3764 1438 3850 hujus·

373 3857 457 3919 modi
492 3856 663 3938 deponens,
700 3848 927 3913 multiformiter
956 3854 1111 3932 eruditus,
1148 3859 1243 3940 petiit
1278 3863 1319 3926 de
1356 3865 1434 3944 his,

368 3977 446 4037 quae
480 3977 498 4016 a
531 3952 616 4016 vobis
652 3952 750 4014 fuerat
780 3949 966 4028 instructus,
990 3954 1188 4038 paginalibus
1212 3959 1273 4024 sibi
1298 3964 1437 4047 syllabis

405 4198 433 4266 r)
470 4194 578 4262 nabbe,
598 4195 655 4261 vr,
674 4193 822 4248 err-sas.
