3092 5000
864 473 910 544 76

407 647 466 712 Sed
496 647 608 712 etheo
642 646 736 710 doceo
759 646 958 714 Sanctitat0m
981 646 1138 722 Vestram,
1164 643 1237 728 quia
1259 640 1411 726 temporis

363 750 555 818 attendentes
578 747 853 833 perturbationem,
873 747 987 814 multos
1009 747 1044 813 in
1066 745 1193 812 Oriente
1217 765 1271 832 per
1286 740 1410 808 ambiti-

363 872 452 914 onem
475 849 628 934 decepisse
651 855 829 912 noscuntur.
864 842 986 934 Sergius
1008 869 1149 932 namque,
1166 845 1323 930 quondam
1333 843 1411 930 Jop

363 949 465 1036 pensis
505 949 690 1034 Episcopus,
725 955 796 1033 post
827 971 975 1014 recessum
1007 948 1108 1034 gentis
1142 949 1326 1022 Persarum,
1345 943 1411 1012 loci

363 1056 511 1115 servatam
545 1049 631 1114 Sedis
667 1049 962 1135 Hierosolymitanae
997 1049 1161 1136 arripiens,
1193 1069 1257 1112 non
1280 1045 1411 1130 quidem

362 1172 415 1236 per
438 1149 671 1215 ecclesiasticam
693 1151 923 1228 auctoritatem,
948 1152 1002 1216 sed
1025 1150 1210 1217 saecularem
1220 1152 1410 1234 potestatem

363 1258 469 1316 contra
492 1273 639 1328 canones,
666 1251 780 1316 ibidem
802 1250 858 1316 sub
883 1252 991 1318 Sedem
1015 1249 1326 1336 Hierosolymitanam
1343 1267 1413 1334 per·

362 1351 527 1428 tinentem,
551 1352 669 1436 aliquos
693 1353 859 1438 Episcopus
882 1352 1050 1430 ordinavit,
1074 1357 1105 1418 et
1122 1351 1269 1436 cumipse
1281 1347 1412 1414 minime

361 1454 461 1518 iuerat
485 1455 697 1531 confirmatus,
722 1453 797 1518 alios
816 1453 960 1518 ordinare
982 1451 1196 1538 praesumpsit.
1241 1449 1412 1514 Hiertam

361 1562 520 1640 propterea
543 1554 672 1622 seientes
682 1555 826 1650 veraciter
840 1554 963 1620 inanem
974 1577 1040 1619 esse
1051 1551 1276 1618 ordinationem
1289 1570 1409 1624 eorum,

362 1677 416 1741 per
449 1655 573 1740 propria
606 1654 717 1740 scripta
749 1656 989 1732 eonsentientes,
1012 1655 1229 1740 applicuerunt
1250 1651 1412 1716 affectatae

362 1780 393 1822 se
428 1756 574 1833 novitati,
609 1778 685 1839 quae
718 1779 736 1820 a
770 1755 868 1822 Paulo
891 1755 1041 1841 Episcopo
1063 1748 1413 1837 Constantinopolitano

363 1856 554 1934 defenditur,
580 1856 667 1940 quasi
685 1879 722 1920 ex
744 1857 803 1922 hoc
827 1863 981 1942 sperantes
1004 1855 1186 1932 enormiter,
1199 1853 1284 1937 quod
1297 1853 1414 1936 impos.

363 1953 452 2022 sibile
475 1964 537 2035 est,
562 1957 742 2022 confirmari.
770 1957 817 2022 De
840 1957 953 2041 quibus
976 1964 1007 2022 et
1025 1953 1325 2040 anteaApostolieae
1340 1950 1414 2016 Sedi

363 2057 504 2135 innotui,
528 2057 561 2121 id
585 2064 649 2135 ert,
672 2055 777 2122 beatae
788 2057 950 2124 memoriae
962 2056 1110 2122 decessori
1122 2061 1223 2120 vestro
1236 2052 1415 2126 Theodoro,

362 2158 514 2243 jussitque
548 2158 623 2222 mihi
657 2158 787 2243 indigno
820 2180 873 2243 per
902 2179 1016 2222 sacram
1040 2180 1125 2221 suam
1148 2153 1416 2241 praeceptionem,

364 2259 509 2323 ordinans
545 2281 592 2322 me
627 2257 686 2322 loci
721 2264 902 2324 servatorem
923 2280 983 2343 per
1005 2257 1173 2343 apostolica
1194 2257 1259 2340 ejus
1282 2253 1417 2339 scripta,

365 2366 516 2442 quatenus
551 2365 615 2422 tam
648 2381 699 2435 ea,
723 2380 859 2442 quaeque
882 2357 1012 2423 fuissent
1034 2357 1238 2423 ecclesiastiea
1261 2353 1419 2440 capitula,

366 2480 507 2544 peragere
541 2457 729 2535 debuissem,
765 2465 795 2522 et
829 2459 991 2536 canonice,
1022 2459 1048 2522 si
1070 2451 1253 2523 nullatenus
1274 2455 1421 2521 emenda·
1536 2493 1537 2548 ἦ

364 2565 488 2635 rentur,
513 2558 566 2641 qui
590 2558 646 2623 sub
669 2558 867 2623 denominato
885 2566 1045 2644 praetextu
1058 2557 1192 2624 ordinati
1204 2563 1280 2622 sunt
1291 2555 1419 2640 Episco
1536 2553 1537 2578 ³

366 2660 415 2744 pi,
452 2659 634 2743 deponerem
668 2680 727 2722 eos.
786 2659 879 2740 Quod
902 2666 933 2724 et
955 2659 1061 2724 fecisse
1081 2681 1134 2736 me
1157 2664 1275 2724 certum
1299 2663 1368 2732 est,
1388 2661 1420 2722 et

366 2758 525 2844 praecipue
548 2755 694 2839 quoniam
715 2757 748 2822 in
771 2780 901 2825 errorem
924 2781 942 2822 a
964 2763 1090 2824 veriats
1113 2759 1291 2824 recedentes
1306 2762 1421 2842 sponte

366 2857 483 2941 delapsi
518 2863 608 2934 sunt,
637 2863 821 2941 tantumque
843 2858 913 2922 illos
935 2859 1035 2944 recepi
1059 2860 1231 2924 seeundum
1248 2855 1422 2942 jussionem

365 2959 447 3042 ejus,
472 2956 526 3040 qui
548 2955 686 3022 libellum
710 2956 917 3042 poenitentiae
940 2957 1121 3025 obtulerunt
1141 2966 1173 3024 et
1200 2957 1331 3044 professi
1344 2963 1421 3021 sunt

364 3051 400 3122 in
421 3056 552 3141 scripto,
577 3077 750 3121 conservare
773 3057 980 3124 indesinenter
1001 3065 1033 3123 et
1055 3057 1200 3143 amplecti
1223 3064 1319 3141 atque
1334 3079 1422 3143 prae

366 3157 466 3224 dicare
490 3162 664 3222 sanctorum
687 3155 813 3220 Petrum
836 3164 868 3222 et
885 3158 1266 3242 Synodorumdoctrinas3
1281 3177 1419 3240 quorum

365 3257 486 3334 libellos
501 3277 599 3340 nuper
610 3255 747 3320 deferens
759 3256 857 3321 obtuli
869 3258 1085 3326 sacratissimae
1096 3257 1285 3343 praesidenti
1298 3255 1421 3322 Sancti-

365 3360 426 3424 tati
460 3358 602 3435 Vestrae,
628 3357 762 3421 Martino
784 3365 831 3422 ter
864 3359 1038 3426 beatissimo
1060 3362 1179 3446 Papae,
1203 3360 1242 3425 ab
1273 3384 1311 3425 eo
1336 3361 1420 3444 quod
1535 3393 1536 3428 1

367 3458 463 3540 aliqui
496 3479 600 3524 eorum
636 3455 743 3521 merito
776 3459 889 3542 recepti
922 3466 953 3524 et
986 3461 1158 3525 confirmati
1193 3468 1285 3537 sunt,
1322 3459 1421 3542 aliqui
1535 3469 1536 3490 ¹

367 3579 438 3623 vero
461 3579 516 3641 pro
538 3556 670 3620 tuitione
693 3556 866 3622 Catholicae
889 3559 1042 3624 Ecclesiae
1065 3561 1264 3626 condemnati
1287 3567 1376 3625 sunt.
1406 3565 1412 3572 '

412 3656 547 3739 Ideoque
569 3677 669 3732 exoro,
693 3661 730 3718 ut
763 3651 901 3721 minime¹
921 3659 1095 3744 despiciatis
1121 3661 1312 3726 humilitatis
1336 3681 1421 3725 meae

368 3763 400 3820 et
434 3755 570 3830 omnium
605 3753 799 3818 orientalium
829 3756 1069 3824 orthodoxorum
1092 3762 1289 3826 sacerdotum
1313 3768 1348 3824 et
1371 3777 1422 3845 po

369 3854 512 3938 pulcrum
541 3875 598 3918 neo
632 3875 695 3917 non
717 3853 864 3938 praedicti
886 3856 1003 3923 domini
1026 3862 1085 3925 mei
1109 3869 1233 3926 sanetae
1254 3861 1422 3926 memoriae

369 3952 548 4034 Sophronii,
573 3973 663 4037 super
684 3952 738 4018 tali
762 3955 894 4039 capitulo
916 3957 1079 4024 instantias
1103 3961 1422 4047 assiduasquepreca·

369 4050 485 4126 tiones,
509 4050 635 4116 Vestrae
665 4051 855 4116 Beatitudini
887 4077 941 4138 per
974 4080 1073 4123 meam
1105 4060 1319 4126 humilitatem
1352 4082 1421 4125 eum

370 4149 511 4234 lacrymis
533 4149 666 4232 oblatas,
688 4152 760 4237 sed,
785 4151 864 4215 siout
885 4151 1048 4222 luminaria
1070 4160 1103 4223 in
1127 4160 1273 4228 universo
1299 4161 1419 4226 mundo

1280 4260 1296 4289 Ο
