3140 5004
862 456 912 547 th

364 664 405 711 eo
443 638 613 712 adductos
644 651 722 728 est,
756 650 814 726 ut,
852 649 926 730 post
959 635 1218 708 fraudulentum
1255 651 1405 734 quatuor

363 786 534 850 annorum
550 761 744 851 silentium,
763 760 967 830 haereticam
986 772 1137 831 mentem
1152 784 1192 831 ao
1205 764 1410 856 pravitatem

363 887 511 977 ingenue
543 887 701 980 aperiret.
742 881 929 954 Audiamus
953 884 1066 978 ipsum
1091 883 1237 954 Paulum
1264 882 1348 954 haec
1372 885 1411 952 in

364 1007 504 1102 epistola
531 1007 574 1078 ad
599 1007 729 1102 Papam
755 1005 878 1099 scripta
903 1003 1146 1076 affirmantem.

413 1129 462 1200 lbi
500 1132 613 1219 enim,
654 1141 731 1224 post
765 1124 882 1199 allatas
917 1126 1039 1198 silentii
1071 1129 1123 1198 sui
1156 1130 1326 1218 rationes,
1362 1130 1410 1198 ita

364 1252 599 1345 prosequitur:

407 1477 494 1542 Licet
539 1477 707 1554 tacuimus,
746 1498 810 1541 non
843 1497 961 1561 semper
994 1475 1178 1554 tacebimus,
1214 1475 1410 1561 adaperiente

362 1577 450 1643 nobis
481 1579 554 1643 vDeo
588 1578 685 1644 claves
719 1576 812 1642 verbi.
858 1576 960 1662 Igitur
993 1576 1116 1643 directis
1149 1578 1181 1641 in
1215 1577 1365 1662 praesenti
1390 1601 1411 1641 a

363 1678 552 1744 beatitudine
573 1679 772 1770 fraternitatis
795 1685 911 1743 vestrae
935 1677 1153 1763 apocrisiariis,
1179 1677 1232 1762 qui
1249 1678 1411 1763 postmul-

362 1787 410 1844 tas
431 1779 526 1843 factas
549 1779 630 1845 inter
653 1801 709 1844 nos
728 1781 766 1844 de
789 1778 991 1845 ecclesiastica
1001 1779 1202 1863 requisitione
1213 1779 1409 1844 dissonantes

235 1916 239 1923 -
362 1880 646 1958 sermocinationes,
671 1880 705 1945 in
728 1883 820 1946 finem
843 1881 882 1944 ad
901 1880 959 1945 hoc
970 1887 1191 1966 pervenerunt,
1205 1882 1408 1945 admonentes

360 2003 417 2046 nos
451 1989 542 2065 atque
576 1982 773 2046 adhortantes
800 1983 990 2064 interpretari
1012 2001 1105 2047 umus
1133 1982 1242 2047 Christi
1263 1983 1326 2046 ceri
1347 1982 1412 2044 Dei

360 2083 453 2146 nasot
476 2102 666 2147 vonuursms
688 2084 867 2148 intellectam
891 2085 1052 2167 [notentur
1074 2083 1148 2147 haec
1169 2082 1293 2167 verba],
1313 2089 1407 2166 atque

359 2183 536 2268 hujusmodi
565 2183 847 2270 interpretationem
871 2183 1017 2249 destinari
1047 2191 1162 2249 vestrae
1185 2184 1405 2248 sacratissimae

359 2285 546 2350 venerationi
548 2332 612 2351 ......
656 2284 723 2349 Nos
756 2284 869 2369 igitur,
904 2284 938 2347 id
971 2291 1033 2362 est,
1055 2284 1228 2369 jurisdictio
1252 2284 1406 2349 Ecclesiae

359 2393 480 2451 nostrae
513 2393 544 2451 et
574 2387 745 2470 Synodus,
758 2387 938 2450 confitemur
960 2408 1057 2451 unum
1081 2384 1350 2450 consubstantialis
1373 2392 1406 2450 et

358 2486 490 2551 auctoris
513 2486 593 2552 vitae
616 2486 779 2551 lhinitatis
801 2485 933 2565 Filium,
958 2493 1015 2552 etc.

358 2586 493 2670 Ideoque
527 2594 558 2652 et
589 2589 673 2652 Deus
707 2587 822 2652 dicitur
854 2587 938 2672 pati,
963 2593 994 2651 et
1016 2586 1099 2650 filius
1121 2586 1257 2650 hominis
1279 2605 1297 2650 a
1319 2586 1404 2652 coelo

359 2687 549 2753 descendisse
583 2695 707 2774 propter
741 2710 892 2752 summam
913 2693 944 2752 et
966 2685 1211 2772 indissipabilem
1234 2688 1402 2752 secundum

359 2787 561 2853 substantiam
584 2790 714 2853 duarum
736 2795 915 2853 naturarum
939 2787 1100 2854 unitatem.
1146 2787 1238 2852 Unde
1261 2795 1292 2853 et
1313 2812 1403 2853 cctam

358 2891 538 2954 volantatem
572 2889 698 2955 Domini
731 2890 829 2954 nostri
862 2891 938 2954 Jesu
971 2888 1086 2953 Christi
1120 2889 1341 2975 intelligimus,
1364 2912 1403 2954 ne

359 2991 604 3056 contrarietatem
639 3001 694 3055 aut
724 2989 927 3056 differentiam
949 2989 1145 3055 voluntatum
1166 2991 1231 3054 uni.
1244 2990 1404 3076 eidemque

358 3114 503 3178 personae
526 3092 566 3158 D.
590 3091 632 3156 N.
656 3093 687 3157 J.
708 3091 743 3156 0.
767 3091 970 3177 applicemus,
995 3098 1050 3157 aut
1071 3091 1404 3178 ipsumseexpugnan·

358 3200 421 3257 tem
443 3192 699 3279 dogmatizemus,
724 3199 778 3257 aut
801 3193 879 3256 duos
902 3191 1038 3258 volentes
1061 3192 1302 3259 introducamus.

308 3427 310 3434 ,
408 3388 448 3458 Et
473 3401 550 3483 post
574 3389 777 3460 haereticam
808 3407 946 3484 prorsus
979 3391 1121 3461 istorum
1139 3390 1321 3460 verborum
1341 3413 1403 3460 ex-

323 3553 325 3558 ·
361 3513 586 3606 positionem,
615 3524 649 3580 et
675 3512 828 3582 invocata
844 3521 1130 3581 auctoritatatem
1149 3513 1185 3581 S.
1203 3509 1402 3600 Athanasii,
1457 3534 1461 3541 ·

360 3643 433 3702 tom
461 3633 496 3704 S.
527 3631 645 3727 Cyrilli
671 3631 915 3719 Alexandrini,
942 3633 1008 3701 ait:

403 3834 462 3898 Sed
507 3840 538 3898 et
583 3855 687 3898 omnes
698 3877 707 3910 ,
759 3831 881 3916 pietatis
922 3832 1059 3914 doctores
1105 3843 1136 3898 et
1180 3825 1433 3920 praedicatores·

358 3934 535 4018 hujusmodi
569 3953 664 4001 uruus
694 3953 880 3998 vonuumrrs
903 3939 1004 4004 mente
1028 3933 1214 4000 detinentur.
1262 3937 1402 4016 Quorum

359 4034 386 4098 si
432 4056 509 4120 opus
550 4043 596 4101 est
639 4034 838 4120 requisitione
879 4033 1077 4119 proveniente
1117 4043 1149 4100 ct
1195 4043 1403 4120 competenter

359 4134 523 4221 relegimus
554 4138 746 4203 testimonia:
768 4132 881 4219 quibus
905 4137 1122 4202 concordantes
1145 4145 1176 4202 et
1198 4143 1403 4202 consonantes

358 4236 433 4300 facti
479 4245 552 4303 sunt
593 4239 661 4324 piae
694 4235 854 4303 memoriae
889 4237 1011 4321 Sergius
1045 4246 1076 4304 et
1110 4259 1281 4316 uouemus,
1320 4257 1402 4300 unus
