3140 5004
868 442 892 512 6

355 641 457 708 eum,
486 619 543 714 qui
566 641 637 688 non
662 615 883 688 confiteretur
907 619 1085 688 »eumdem
1100 643 1208 689 unum
1226 617 1399 689 Christum

355 753 413 812 »et
444 740 575 832 filium
607 753 802 835 operantem
826 740 897 810 Deo
923 740 1080 811 decibilia
1105 754 1137 812 et
1163 742 1397 813 bumannum

355 889 531 934 »omnm
573 887 792 953 oramrroum
841 865 1028 935 secundum
1068 876 1227 935 sonatum
1266 865 1398 960 Diony-

355 985 491 1058 »eo’um'’
507 987 546 1076 Ἴ,
574 986 738 1058 haeresim
757 986 1056 1058 Monotbelitarum
1074 987 1283 1058 continebat.
1312 987 1397 1057 Gra·

353 1109 553 1180 tulabantur
577 1110 765 1205 plurimum
779 1111 822 1182 de
839 1111 903 1182 hac
920 1089 1144 1182 conventione
1160 1110 1395 1200 theodosiani,

354 1231 506 1304 dicentes
530 1257 601 1304 non
627 1257 663 1304 se
688 1233 972 1306 Chalcedonensis
997 1232 1136 1305 Consilii
1160 1232 1318 1322 decreta7
1339 1232 1398 1302 sed

353 1368 492 1428 econtra
518 1355 706 1427 Catholicos
731 1381 828 1427 suam
854 1355 1100 1452 Eutychianam
1118 1355 1309 1427 doctrinam
1324 1379 1399 1426 sus·

354 1464 497 1574 cepisse.

404 1600 470 1672 Sed
495 1601 575 1672 huic
600 1603 745 1695 septimo
761 1601 910 1695 capitulo
927 1602 1082 1673 nondum
1097 1601 1312 1696 promulgato
1325 1605 1398 1696 jam

355 1723 521 1794 obstitisse
558 1723 594 1792 S.
623 1723 875 1817 Sophronium
911 1723 1013 1794 docet
1046 1748 1108 1795 nos
1143 1725 1178 1794 S.
1209 1724 1397 1814 Maximus,

355 1846 440 1916 haec
477 1846 629 1917 scribens
661 1847 705 1916 ad
734 1848 873 1918 Petrum
908 1847 1100 1918 Illustrem:
1130 1847 1293 1918 »Divinus
1318 1855 1398 1940 ergo

356 1993 595 2064 »magnusque
619 1969 842 2064 Sophronium
861 1983 945 2042 tunc
970 1968 1213 2040 Alexandriam
1239 1972 1398 2060 veniens,

357 2115 461 2162 »mox
498 2114 541 2162 ex
575 2094 685 2187 prima
720 2092 865 2164 lectione
902 2093 1056 2184 (dederat
1093 2093 1185 2162 enim
1211 2094 1312 2163 etiam
1338 2093 1401 2187 ipsi

356 2213 489 2310 »Cyrus
514 2215 559 2284 ad
583 2215 839 2286 retractandum
864 2216 921 2285 illa
947 2239 1070 2286 novem
1096 2216 1277 2309 impietatis
1308 2216 1402 2310 capi-

358 2336 466 2425 »tulal
491 2337 637 2430 lugubre
662 2338 827 2432 quiddam
854 2351 887 2409 et
912 2339 1032 2430 ingens
1057 2335 1276 2426 vociferatus,
1291 2333 1402 2408 fontes

358 2460 558 2530 »emittebat
599 2460 850 2556 lacrymamm‚
894 2461 991 2531 illum
1031 2459 1158 2530 fervide
1197 2460 1399 2550 obsecrans,

313 2611 316 2618 s
359 2579 600 2677 »supplicansg
628 2583 868 2678 expostulans,
896 2584 931 2653 in
957 2583 1152 2677 pavimento
1177 2583 1281 2677 ipsius
1301 2583 1402 2652 vesti-

360 2706 444 2797 »giis
477 2705 696 2800 provolutus,
733 2730 801 2802 quo
831 2706 915 2777 nihil
941 2706 1065 2777 horum
1091 2729 1194 2800 super
1218 2705 1402 2775 ambonem

361 2838 503 2897 »contra
519 2827 728 2900 Catholicam
746 2828 807 2899 Dei
820 2828 1004 2899 Ecclesiam
1020 2828 1252 2924 praedicaret:
1275 2829 1403 2922 quippe
1478 2829 1481 2835 ’

361 2973 465 3020 »cum
503 2949 587 3020 haec
624 2950 753 3045 liquido
779 2951 874 3045 impii
900 2963 1011 3022 essent
1036 2950 1236 3045 Apollinarii
1260 2949 1404 3043 dogma-

347 3070 441 3149 ,»ta’'
470 3072 510 3155 ¹).
540 3073 618 3144 Non
643 3073 754 3144 solum
780 3085 896 3144 autem
921 3073 1132 3145 obsecrando
1157 3073 1250 3169 apud
1276 3071 1403 3168 Cyrum

360 3196 466 3287 egisse
491 3195 741 3290 Sophronium,
770 3197 930 3269 discimus
955 3222 997 3268 ex
1022 3199 1095 3292 ipso
1121 3197 1209 3292 Cyro
1235 3197 1404 3267 scribente

361 3320 405 3390 ad
438 3321 614 3413 Sergium,
655 3323 817 3395 obtulisse
850 3324 1080 3419 Sophronium
1107 3325 1325 3395 »testimonia
1350 3324 1404 3393 da>

363 3469 538 3515 corsorum
551 3458 748 3517 sanctorum
764 3445 932 3517 Potrum”
953 3447 998 3537 'lg
1014 3446 1107 3542 quod
1120 3458 1299 3542 propterea
1314 3445 1404 3516 bene

363 3565 573 3657 notandum,
614 3570 693 3663 quia
723 3569 877 3662 Sergius7
907 3571 955 3639 uti
980 3582 1096 3664 postea
1121 3569 1331 3658 videbimus,
1362 3567 1403 3637 ad

399 3795 427 3864 l)
466 3795 538 3850 Corte.
559 3796 646 3848 Later.
665 3793 759 3848 Serrei.
778 3789 846 3858 III;
864 3789 958 3847 Labbe
977 3789 1034 3858 VI,
1055 3793 1115 3848 175.
1127 3824 1162 3833 -
1178 3793 1250 3847 Corae.
1270 3791 1344 3846 Secti
1355 3795 1406 3844 oet.

363 3878 412 3944 13;
429 3876 524 3934 Lebbe
544 3877 599 3943 VI,
619 3878 680 3931 956.
700 3876 726 3930 S.
744 3873 892 3946 Dionysius
910 3892 966 3929 non
984 3875 1089 3932 dixerat
1104 3876 1226 3944 „unom'',
1241 3875 1287 3930 sed
1299 3893 1406 3941 ,monam

361 3963 488 4098 quondam
516 3960 663 4017 deivirilem
683 3958 889 4033 operationem''.
933 3958 975 4014 Of.
1005 3961 1077 4015 Cone.
1108 3963 1193 4016 Later.
1212 3960 1306 4015 Soror.
1341 3957 1406 4024 III,

373 4061 423 4099 ‚a
443 4045 503 4098 182.
1223 4043 1225 4047 ’

398 4127 426 4196 2)
464 4129 545 4196 Epist.
559 4128 586 4182 S.
605 4129 716 4182 Maximi
733 4127 769 4180 od
787 4127 891 4180 Petrum
912 4125 1054 4194 Illustrem3
1074 4124 1168 4182 Labbe
1187 4125 1228 4191 V,
1246 4126 1325 4180 1767.

399 4211 427 4282 3)
466 4212 539 4266 Conc.
561 4213 647 4267 Later.
666 4212 761 4267 Satrai.
779 4208 837 4277 IV3
855 4207 949 4264 Irebbe
968 4209 1021 4276 v1,
1041 4211 1101 4267 263.
