3140 5004
823 471 828 480 -
850 420 900 490 tl)

353 595 398 678 [S.
423 593 625 677 Athanasius]
650 595 839 658 voluntatem
864 593 959 658 solam
980 592 1015 656 in
1037 616 1073 657 eo
1095 592 1267 660 divinitatis
1294 598 1390 676 dixit,

350 693 403 758 hic
439 716 509 759 vero
540 694 726 779 [Honorius]
750 693 939 758 voluntatem
963 714 1055 757 unam
1078 693 1117 758 D.
1141 693 1183 758 N.
1208 697 1239 760 J.
1263 697 1298 762 Ο.
1323 701 1393 784 qaia

346 799 496 881 profecte,
530 795 654 880 inquit,
685 809 704 859 e
726 795 883 860 divinitate
905 802 1053 877 camempta
1075 802 1117 860 eat
1138 804 1249 860 actare
1274 807 1393 878 matra,

347 920 406 961 ece
439 899 545 980 medic,
580 896 693 980 absque
726 894 898 960 carnalibus
931 894 1141 960 voluntatibus
1183 904 1214 961 et
1248 897 1395 966 humanis

350 997 606 1084 cogitationibus,
630 1004 667 1061 ut
688 997 910 1062 sacratissimus
923 996 1111 1061 Athanasius
1122 996 1175 1063 ait.
1199 998 1274 1064 Non
1287 1006 1393 1068 tamen

280 1121 284 1128 ·
348 1098 505 1184 perhibuit
527 1121 597 1166 eum
618 1105 775 1182 tamquam
798 1097 969 1175 hominem,
994 1093 1066 1184 quia
1088 1105 1134 1163 est
1146 1121 1268 1184 quoque
1279 1108 1401 1168 natura·

347 1201 431 1265 Deus
443 1248 452 1278 ,
486 1222 550 1265 non
583 1198 694 1264 habere
727 1199 890 1263 humanam
925 1198 1113 1264 voluntatem
1145 1207 1177 1265 et
1198 1203 1393 1281 naturalem,

346 1301 602 1385 quemadmodum
625 1306 656 1364 et
678 1299 812 1364 divinam
839 1306 930 1383 atque
959 1306 1124 1384 paternam.

391 1401 530 1486 Idipsum
554 1406 657 1465 autem
680 1400 772 1465 etiam
793 1400 826 1464 in
838 1399 1094 1484 subsequentibus
1105 1400 1226 1481 innuit,
1239 1426 1393 1472 asserens:

345 1505 408 1568 aiae
433 1508 557 1586 peccato
587 1509 738 1584 coecepotac
763 1509 810 1566 eet
843 1504 879 1565 de
911 1501 1025 1583 spelte
1057 1505 1181 1580 Sancte,
1219 1527 1255 1568 ee
1286 1515 1392 1578 acerete

345 1605 536 1668 immaculata
568 1624 732 1687 semperque
753 1603 866 1684 virgine
889 1603 948 1666 Dei
966 1603 1109 1684 penitere
1135 1604 1246 1683 Maria,
1271 1613 1303 1671 ot
1328 1609 1392 1674 aiee

344 1704 513 1786 contagione
546 1725 583 1768 ex
618 1724 653 1766 ea
686 1702 855 1767 secundum
877 1724 998 1766 carnem
1023 1710 1193 1770 natusest.
1246 1707 1390 1774 Divinam

345 1827 467 1889 quoque
501 1802 687 1888 Scripturam
720 1803 753 1867 in
789 1802 909 1867 laudem
945 1808 976 1866 et
998 1803 1252 1888 vituperationem
1273 1809 1389 1892 profert

343 1905 442 1970 carnis
455 1903 637 1968 memoriam
662 1901 778 1980 facere3
802 1925 866 1968 non
889 1902 998 1980 aliam,
1023 1903 1119 1982 absit,
1143 1912 1253 1971 natura
1276 1915 1307 1973 et
1318 1909 1387 1975 sub·

344 2005 457 2070 stantia
492 2002 616 2070 Domini
647 2026 768 2068 carnem
799 1992 889 2087 quain
926 2009 1061 2068 nostram
1083 2025 1278 2073 commonens
1300 2009 1387 2076 intel·

344 2106 517 2192 ligandam:
552 2103 606 2188 qui
637 2103 727 2169 etiam
762 2104 842 2168 hanc
875 2103 988 2169 sciebat
1017 2113 1205 2190 assumptam
1227 2131 1264 2173 ex
1284 2117 1389 2176 nostra

344 2206 531 2283 substantia,
555 2205 588 2269 id
611 2211 673 2282 est,
697 2227 734 2269 ex
754 2203 932 2289 congenitae
954 2204 1045 2270 nobis
1067 2222 1185 2292 semper
1210 2207 1336 2295 virginis
1359 2219 1389 2277 et

344 2308 400 2374 Dei
444 2306 548 2392 matris
581 2304 694 2371 sanctis
727 2304 909 2370 visceribus:
947 2307 999 2371 sed
1033 2305 1164 2372 alienam
1197 2331 1214 2372 a
1249 2311 1327 2375 vitio
1357 2319 1388 2378 et

342 2409 519 2474 nullatenus
552 2407 651 2492 legem
685 2405 947 2491 praevaricationis
981 2405 1162 2486 habentem,
1198 2409 1279 2475 sicut
1313 2435 1386 2491 noe,

341 2513 376 2576 in
399 2507 541 2575 membris
564 2513 785 2593 repugnantem
808 2507 934 2592 spiritus
955 2507 1026 2592 legi.
1053 2509 1122 2573 Noe
1143 2511 1218 2574 eee'm
1241 2523 1389 2596 assumpto

342 2620 401 2688 eat,
425 2609 485 2684 ait,
510 2633 529 2672 e
553 2611 705 2674 delectere
727 2632 794 2673 caeo
817 2633 836 2672 e
851 2616 974 2692 peccato
997 2619 1389 2698 corruptaquaerepeqea·

342 2721 387 2778 eet
421 2711 478 2793 tegi
515 2710 619 2774 meotis
647 2712 717 2794 estes.
763 2709 859 2794 Cujus
893 2709 975 2774 enim
1010 2713 1277 2793 sementationem,
1310 2738 1388 2804 quae

340 2834 395 2899 per
427 2816 585 2896 peecatum
617 2809 763 2887 efficitur,
798 2832 862 2875 non
895 2811 1056 2895 praecessit
1086 2815 1290 2897 generationis
1321 2817 1390 2908 lex,

342 2912 432 2997 hujus
466 2909 592 2975 omnino
625 2909 738 2974 necin
761 2909 903 2975 membris
926 2917 988 2988 est,
1013 2913 1065 2977 sed
1085 2912 1135 2978 lex
1158 2914 1278 2981 divinae
1298 2918 1389 3002 justi-

344 3015 402 3078 tiae
424 3010 462 3076 ad
483 3009 733 3097 imaginationem
757 3009 846 3075 nobis
870 3017 1006 3090 ostensa,
1030 3019 1062 3077 et
1081 3036 1297 3100 eamquoque,
1311 3042 1389 3103 quae

342 3138 380 3180 ex
422 3101 677 3198 praevaricatione
710 3119 837 3176 naturae
858 3111 946 3176 illata
967 3120 1029 3191 est,
1054 3115 1184 3198 perfecte
1209 3118 1384 3186 demolitur.

395 3215 480 3282 Venit
506 3212 589 3278 enim
616 3211 682 3277 siue
704 3218 827 3298 peccato
850 3217 1388 3301 quceeeeeetaaloereqacdperieret,

344 3318 441 3393 idest,
454 3323 593 3379 aeteram
604 3315 860 3394 lemaeigeeeeia,
873 3335 950 3396 quae
962 3322 1147 3399 peccaverat.
1172 3319 1244 3382 Alia
1256 3322 1333 3386 enim
1345 3325 1393 3387 ke
1409 3365 1413 3370 -

342 3418 375 3484 ie
397 3415 530 3480 membris
552 3416 614 3498 ejece
621 3461 630 3491 ,
654 3421 708 3478 eat
731 3415 867 3478 volentos
889 3415 1005 3480 diocese
1020 3417 1068 3480 cet
1076 3418 1200 3482 adverae
1210 3423 1344 3507 acescit
1355 3424 1389 3486 e'e

343 3518 506 3586 delectere.
530 3513 613 3578 Hinc
636 3513 788 3591 ostendit,
812 3535 876 3579 non
899 3515 982 3598 quod
992 3538 1056 3581 non
1067 3516 1209 3583 habuerit
1219 3519 1385 3586 humanam

340 3617 531 3684 voluntatem
567 3621 598 3679 et
629 3614 800 3679 naturalem
821 3617 894 3698 (non
918 3615 1001 3680 enim
1022 3617 1081 3681 hoo
1103 3618 1216 3683 dixisse
1239 3621 1392 3707 videtur),

340 3719 394 3783 sed
417 3718 500 3801 quod
524 3715 605 3780 sient
628 3715 720 3779 homo
742 3737 842 3799 nequo
864 3718 1032 3781 seeundum
1054 3724 1163 3803 corpus
1182 3743 1236 3804 per
1251 3723 1386 3789 membra

241 3879 243 3883 ,
340 3816 509 3901 quamlibet
535 3815 647 3881 habeat
668 3822 787 3901 praeter
808 3823 934 3881 naturae
957 3816 1038 3902 leges
1050 3818 1274 3903 operationem
1287 3845 1386 3907 neque

339 3939 445 3982 rursus
482 3918 653 3982 seeundum
685 3917 817 3982 animam
851 3917 1018 3982 voluntatis
1041 3919 1227 3984 contrarium
1249 3923 1296 3987 vel
1318 3925 1384 3989 sine

342 4017 461 4082 ratione
489 4024 624 4094 motum,
648 4017 745 4082 veluti
768 4040 841 4082 nos:
865 4017 938 4108 quia
960 4024 991 4086 ct
1012 4041 1099 4104 ceper
1122 4021 1209 4106 tepere
1229 4031 1318 4088 scates
1341 4034 1384 4089 eet

341 4120 487 4190 damoetae
516 4126 651 4193 naturae,
