3092 5000
857 442 904 514 Ὦ

404 616 507 707 Igitur
537 608 611 710 ¹per
646 616 729 686 falsa
765 620 866 688 etiarn
904 621 1094 689 testimonia
1133 620 1169 689 S.
1210 619 1403 690 Maximum

355 760 575 833 corrumpere
599 740 721 810 Petrus
745 740 938 810 Patriarcha
964 755 1105 813 conatus
1122 755 1193 831 est3
1221 767 1323 826 ouans
1341 767 1403 812 uon

356 883 463 930 Porrus
500 886 561 931 ran
599 885 727 932 noronu
765 888 916 953 cirenas,
957 889 1034 947 Quas
1065 891 1095 936 ru
1130 891 1205 936 sunu
1238 889 1404 938 accaronis

355 1006 529 1053 runcinam
557 1009 637 1054 rara
663 1009 793 1055 narnus
818 989 983 1056 ursanus?

403 1107 522 1176 Paucis
559 1107 679 1178 diebus
717 1122 794 1203 post
830 1109 920 1179 hanc
956 1111 1220 1206 disputationem
1248 1123 1403 1206 praeter-

354 1231 475 1325 lapsis,
506 1235 605 1325 jussu
629 1232 851 1326 Imperatoris
876 1257 979 1304 »cu-m
1005 1234 1136 1305 honore
1161 1233 1272 1305 multo
1297 1247 1405 1328 atque

355 1387 369 1416 υ
378 1353 562 1444 blanditie,
603 1368 673 1424 tam
708 1367 850 1451 propter
884 1369 1058 1426 senectam
1083 1368 1118 1426 et
1142 1357 1401 1446 infirmitatem,

354 1501 484 1572 »quarn
515 1500 556 1548 eo
589 1476 683 1571 quod
709 1479 750 1547 sit
775 1504 794 1548 a
821 1481 1094 1573 progenitoribus
1119 1492 1255 1569 noster,
1282 1478 1406 1550 tuerit-

355 1624 445 1694 »que
469 1598 534 1669 illis
559 1599 791 1670 honorabilis'’
818 1603 876 1690 (ita
901 1601 1051 1671 habebat
1072 1603 1206 1695 jussio),
1235 1600 1270 1671 S.
1294 1600 1406 1670 Maxi-

355 1747 435 1792 mus
470 1747 490 1791 a
529 1721 629 1817 Bizya
662 1722 706 1792 ad
731 1725 975 1795 monasterium
1002 1724 1037 1794 S.
1065 1723 1255 1813 Theodori,
1283 1723 1407 1818 »quod

356 1848 507 1938 »rejacet
539 1849 638 1938 juxta
670 1845 860 1938 Regium”,
889 1847 1087 1942 deportatus
1113 1860 1182 1935 est,
1211 1845 1270 1916 ubi
1304 1869 1406 1916 acce-
1475 1939 1480 1946 Ι

355 1966 448 2037 dens
478 1967 521 2036 ad
559 1961 639 2038 eum
665 1993 773 2039 novus
797 1982 959 2060 tentator,
987 1969 1195 2064 Epiphanius
1221 1971 1405 2064 patricius,

358 2092 404 2160 ita
430 2115 512 2161 eum
537 2090 704 2162 allocutus
722 2105 806 2184 est:
1360 2088 1363 2091 ’

403 2295 472 2362 Hoc
486 2296 551 2361 tibi
572 2320 626 2382 per
649 2321 705 2362 nos
727 2299 880 2384 significat
902 2299 1088 2384 Imperator,
1114 2297 1234 2364 dicens:
1248 2299 1406 2382 Quoniam

354 2404 441 2462 totus
464 2398 631 2478 Occidens,
658 2405 689 2464 ot
713 2399 823 2482 quiin
845 2400 974 2464 Oriente
998 2398 1208 2465 subversiones
1221 2407 1406 2485 operantur,

355 2501 396 2563 od
428 2507 458 2563 te
486 2507 635 2581 spectant,
660 2505 691 2564 et
714 2523 820 2565 omnes
835 2509 960 2583 propter
983 2509 1012 2566 te
1034 2500 1207 2566 simultates
1230 2501 1407 2586 exagitant,

355 2599 495 2664 nolentes
529 2601 690 2665 convenire
723 2601 883 2666 nobiscum
915 2601 949 2666 in
981 2608 1071 2666 causa
1093 2603 1174 2667 fidei.
1219 2603 1303 2666 Deus
1327 2625 1408 2666 oom-

354 2700 452 2785 pungi
485 2706 517 2763 te
550 2701 659 2778 faeiat,
691 2709 728 2766 ut
751 2702 957 2768 communices
980 2702 1140 2767 nobiscum
1163 2703 1198 2767 in
1220 2704 1324 2789 Typo,
1350 2704 1406 2786 qui

354 2801 510 2886 expositus
534 2808 580 2866 est
600 2825 618 2866 a
640 2802 746 2880 nobis,
770 2811 801 2868 et
825 2803 978 2868 exibimus
1002 2827 1056 2889 per
1080 2827 1136 2868 nos
1159 2803 1243 2889 ipsos
1266 2805 1305 2868 ad
1328 2803 1406 2868 Oha·

353 2902 417 2980 lem
440 2909 471 2968 et
494 2903 698 2968 osculabimur
710 2911 741 2968 te
749 2912 780 2968 et
792 2927 999 2990 supponemus
1012 2904 1101 2970 robis
1114 2928 1240 2970 manum
1251 2909 1406 2984 nostram,

357 3025 487 3086 cumque
531 3005 615 3068 omni
660 3005 776 3070 honore
817 3028 852 3069 ac
886 3005 985 3090 gloria
1023 3006 1256 3070 introducemus
1286 3028 1340 3070 vos
1372 3006 1409 3070 in

356 3128 498 3190 magnam
531 3105 687 3171 ecclesiam
722 3112 752 3169 et
787 3129 856 3169 cum
892 3104 986 3170 nobis
1010 3105 1090 3190 ipsis
1110 3106 1270 3184 sistemus,
1294 3105 1348 3171 ubi
1364 3131 1410 3172 cx

357 3229 439 3271 more
473 3207 674 3292 Imperatores
706 3214 789 3271 stant
819 3213 850 3270 ot
883 3207 1031 3270 faciemus
1065 3207 1178 3292 pariter
1211 3207 1343 3293 synaxin
1378 3215 1411 3272 et

357 3308 604 3393 participabimur
636 3309 886 3372 intemeratorum
909 3313 940 3371 et
974 3307 1165 3372 vivificorum
1200 3308 1410 3373 Sacramentu-

357 3431 425 3473 rum
455 3408 569 3472 vivifici
602 3407 735 3494 corporis
758 3415 789 3473 et
822 3408 981 3494 sanguinis
1013 3408 1128 3478 ‚Christi
1159 3415 1189 3474 et
1224 3411 1411 3494 praedicabi-

359 3532 428 3573 mus
455 3516 486 3574 te
510 3511 611 3574 denuo
633 3517 749 3594 patrem
772 3516 934 3589 nostrum,
958 3509 1231 3594 fietquegaudium
1242 3532 1307 3575 non
1318 3513 1411 3575 modo

359 3609 498 3674 amatrici
521 3608 637 3674 Christi
660 3618 691 3674 ot
713 3610 813 3696 regiae
836 3610 905 3675 urbi
928 3616 1067 3687 nostrae,
1092 3611 1145 3674 sed
1157 3609 1232 3674 etin
1243 3617 1416 3676 tototerra·

358 3734 427 3776 rum
451 3709 532 3775 orbe.
556 3711 674 3775 Scimus
698 3711 780 3776 enirn
806 3711 985 3788 certissime,
1009 3712 1092 3794 quod
1114 3718 1152 3794 te¹
1166 3711 1413 3778 communicante

360 3819 464 3877 sancto
485 3813 560 3877 huic
582 3813 713 3891 throno,
738 3812 835 3877 sancti
858 3813 1007 3876 uniantur
1029 3811 1128 3890 nobis,
1154 3811 1207 3896 qui
1229 3819 1355 3899 propter
1378 3821 1411 3881 te

308 3970 311 3986 ,
359 3919 509 3998 tuumque
533 3913 740 3998 magisterium
763 3936 829 3978 sea
851 3913 1063 3978 commuuione
1089 3914 1365 3980 nostrasciderunt
1380 3919 1414 4002 ¹).

401 4185 429 4255 1)
462 4184 534 4238 rua.
555 4185 615 4239 aaa.
