3092 5000
6 753 7 758 ἵ
134 665 318 736 terroribus
343 678 377 735 et
402 665 608 736 cruciatibus
641 678 675 735 et
714 664 826 755 falsis,
854 688 943 761 quae
967 664 1175 754 afferebant,

133 788 271 859 Patrum
281 790 495 878 testimoniis,
511 788 554 859 ad
567 788 846 884 amplectandum
861 788 1001 882 Tppum
1014 787 1178 858 inducere

136 925 328 1001 conantur,
362 912 423 982 sed
462 911 605 983 Honorii
639 911 762 1001 verba,
804 934 893 1006 quae
932 910 1023 980 idem
1065 909 1174 1000 illud,

132 1034 227 1130 quod
252 1036 289 1104 in
313 1035 410 1129 Typo
436 1035 702 1107 condemnatum
724 1047 794 1124 est,
815 1032 986 1105 silentium
1004 1034 1179 1106 continere

134 1157 382 1252 perhibentur,
410 1159 440 1227 ei
466 1181 537 1228 non
562 1158 741 1252 objiciunt.

181 1277 283 1350 Anno
315 1277 387 1348 680
407 1277 539 1372 Agatho
553 1280 645 1374 Papa
659 1336 669 1370 ,
687 1279 839 1351 scribens
852 1278 896 1349 ad
910 1279 1177 1373 Imperatorem,

4 1429 6 1500 j
133 1402 178 1473 de
200 1403 345 1492 invicta,
364 1426 430 1497 qua
450 1402 725 1498 praedecessores
738 1403 883 1473 Romani
898 1401 1081 1473 Pontifices
1097 1401 1180 1473 hae·

133 1526 244 1600 retieis
261 1526 464 1614 restiterint,
484 1523 564 1596 fidei
580 1525 781 1596 fortitudine
799 1525 988 1620 plurimum
1001 1523 1176 1616 gloriatur.
1291 1625 1295 1632 Ι

178 1647 431 1719 Monothelismi
463 1649 565 1739 igitur
602 1647 739 1718 historia
764 1659 931 1735 testatur,
963 1645 1177 1735 Honorium,

131 1793 194 1863 per
231 1769 456 1864 quadraginta
499 1782 573 1862 post
613 1769 745 1839 obitum
785 1772 861 1862 ejus
886 1793 1017 1858 annoS,
1045 1792 1110 1840 nec
1135 1768 1179 1839 ab

130 1892 310 1962 haereticis
349 1903 545 1962 accusatum
588 1913 654 1962 nec
694 1916 713 1960 a
754 1891 933 1961 Catholicis
970 1890 1178 1962 vindicatum

130 2013 235 2084 fuisse
269 2015 310 2084 de'
350 2013 485 2084 silentio
524 2015 617 2084 circu
651 2013 780 2084 Christi
807 2015 1002 2107 operatione
1035 2014 1175 2085 indicto.

133 2136 168 2205 Si
195 2138 274 2232 quis
297 2137 422 2229 igitur,
451 2149 529 2231 post
552 2148 686 2207 tantum
714 2138 879 2229 temporis
896 2136 1045 2231 lapsum,
1065 2135 1180 2208 literas

2 2331 3 2352 ,
130 2260 169 2328 in
208 2259 361 2330 medium
402 2258 570 2354 proferat,
599 2283 688 2354 quae
714 2272 748 2330 et
773 2259 964 2330 Honorium
990 2283 1106 2330 revera
1131 2261 1178 2328 si-

130 2382 274 2453 lentium
302 2381 462 2453 indixisse
484 2395 519 2453 et
535 2382 748 2476 Stephanum
776 2383 977 2470 Dorensem,
997 2381 1179 2476 Sophronii

131 2507 285 2595 nomine,
320 2505 411 2575 idem
448 2503 619 2575 silentium
647 2503 935 2575 »instantissime'’
964 2507 1176 2598 promisisse,

131 2629 256 2723 apertis
281 2628 392 2698 verbis
417 2627 625 2699 enunciant:
654 2651 784 2717 nonne,
813 2629 1010 2723 priusquam
1030 2652 1086 2699 eas
1102 2627 1180 2699 lite-

132 2777 185 2822 ras
223 2766 257 2823 et
294 2752 508 2822 authenticas
546 2763 581 2821 et
613 2752 829 2846 incorruptas
863 2750 1076 2841 habeamus,
1100 2755 1179 2846 jure

131 2877 252 2946 merito
279 2875 504 2969 inquirimus,
533 2875 608 2968 quis
633 2873 775 2945 tandem
800 2873 968 2965 fueritis,
987 2876 1045 2969 qui
1065 2875 1179 2947 literas

131 2999 206 3068 illas
230 2999 415 3092 repererit,
454 3009 572 3067 utrum
603 2994 672 3066 lide
696 2996 819 3088 dignus
845 2999 909 3086 sit,
937 3021 979 3067 ex
1004 2997 1180 3092 quofonte

129 3121 280 3192 hauserit
312 3133 347 3190 et
371 3131 483 3191 cetera
508 3119 544 3189 id
569 3120 704 3211 genus?
730 3119 856 3214 Sique,
885 3121 1041 3190 examine
1066 3120 1110 3191 de
1138 3121 1180 3191 iis

131 3243 293 3315 omnibus
317 3245 494 3332 institute,
521 3242 599 3314 luce
623 3241 746 3314 clarius
771 3255 935 3338 apparet,
963 3255 997 3313 et
1022 3267 1100 3313 eum
1120 3245 1180 3340 qui

126 3366 240 3438 literas
269 3365 417 3455 detexit,
446 3378 480 3436 ct
492 3365 623 3456 locum,
643 3389 748 3461 equo
764 3389 824 3437 eae
840 3365 1060 3460 prodierunt,
1077 3367 1177 3440 valde

131 3513 204 3561 esse
238 3500 432 3582 suspectos:
468 3511 585 3558 nonne
614 3492 695 3582 jure
719 3488 800 3558 inde
825 3465 1087 3580 concludimus,
1115 3514 1180 3562 nee

127 3611 306 3683 literarum
342 3611 551 3682 detectorem
596 3635 661 3682 nec
698 3613 807 3704 ipsas,
854 3615 997 3706 quasin
1024 3613 1178 3684 medium

131 3734 287 3831 protulit,
314 3733 428 3805 literas
452 3733 558 3805 ullam
585 3733 723 3830 quidem
752 3733 858 3806 fidem
885 3737 1030 3806 mereri?
1055 3736 1180 3807 Videa-

131 3881 210 3928 mus
249 3857 373 3950 igitur,
419 3857 501 3952 quid
539 3857 582 3928 de
619 3857 784 3948 Macerio,
825 3858 908 3953 quid
945 3855 988 3928 de
1014 3857 1180 3930 tabulario

130 3978 506 4076 Constantinopolitano
531 3992 606 4050 aeta
632 3993 745 4051 sextae
771 3980 900 4077 Synodi
921 4005 983 4052 nos
997 3981 1176 4052 edoceant.

130 4102 218 4173 Nam
261 4103 403 4175 Honorii
429 4103 546 4174 literae
571 4128 590 4172 a
615 4103 760 4175 Macerio
787 4106 824 4173 in'
848 4103 961 4174 lucem
988 4115 1178 4198 protractae

130 4237 208 4300 sunt
235 4226 329 4299 etin
355 4225 526 4324 praedicta
551 4224 759 4301 bibliotheca
784 4228 956 4302 inventae.
