3140 5004
631 487 680 556 aa

131 683 218 738 sum,
244 659 358 747 oppido
381 681 565 746 cognoscens
588 659 791 726 subtilitatem
814 662 951 746 ipsorum
973 672 1004 729 et
1032 663 1178 750 obstupui

133 761 359 846 quodammodo
394 783 484 847 super
519 761 633 826 astutia
667 785 789 841 eorum,
826 765 879 847 qui
908 788 964 850 pro
982 789 1044 832 uno
1067 766 1180 832 frustra

132 862 238 927 omnia
268 885 371 950 gerere
401 862 495 950 impie
518 864 648 941 audent,
673 870 704 928 et
725 864 851 943 volunt,
876 866 955 932 sicut
978 867 1021 932 eis
1044 867 1081 933 ab
1105 867 1179 932 olim

131 963 245 1042 moris,
281 970 312 1028 et
345 985 430 1028 nuuc
464 969 527 1041 est,
550 963 675 1028 furtivis
698 971 729 1029 et
751 965 837 1029 falsis
860 967 1087 1034 narrationibus
1110 990 1179 1048 eos,

134 1065 190 1149 qui
223 1070 331 1130 contra
361 1088 393 1130 se
430 1064 667 1151 magnanimiter
701 1065 882 1151 agonizant,
905 1068 1027 1148 taliter,
1051 1070 1181 1153 quinat

132 1166 248 1250 absque
284 1165 368 1231 omni
400 1165 518 1230 rohone
553 1166 592 1230 ad
626 1189 657 1232 se
689 1165 774 1253 'ipsos
811 1169 963 1235 attrahere
993 1177 1024 1236 et
1057 1192 1180 1237 sensum

132 1267 293 1345 fraudare,
319 1267 373 1352 qui
396 1289 427 1332 se
457 1266 636 1332 nullatenus
658 1268 806 1352 sequitur.

139 1369 145 1392 ¹
177 1367 359 1434 Necessario
392 1390 463 1454 ergo
487 1375 518 1433 et
539 1369 598 1433 hoc
621 1390 691 1433 cum
713 1369 905 1448 didicissem,
929 1369 1098 1456 significavi
1122 1370 1182 1437 tibi

133 1469 279 1548 domino,
311 1468 500 1535 honorabilis
522 1475 622 1554 pater,
647 1476 798 1553 quatenus
821 1494 876 1556 per
898 1471 1001 1536 omnia
1025 1472 1182 1552 munitus,

133 1570 248 1636 habeas
282 1570 413 1654 qualiter
445 1569 615 1654 insequaris
649 1572 888 1636 adversariorum
907 1572 1098 1660 phalanges,
1121 1596 1184 1638 ver·

134 1670 239 1754 bcque
269 1671 420 1737 indefesse
449 1670 582 1756 jaciens,
605 1678 637 1736 et
658 1672 718 1736 fide
740 1679 881 1757 potenter
904 1696 1067 1759 superans,
1092 1674 1184 1761 glori·

135 1795 250 1858 amque
279 1772 354 1837 hinc
376 1771 539 1858 Unigeniti
560 1772 595 1838 iu
617 1773 811 1858 praeconium
834 1773 967 1854 habeus,
991 1783 1023 1841 et
1045 1775 1184 1841 diadema

135 1874 233 1958 hujus
256 1873 501 1968 communionem
522 1895 576 1959 per
597 1874 726 1960 gretiam
749 1881 781 1940 at
801 1876 954 1942 unitatem
978 1879 1010 1961 ¹).

188 2085 302 2156 h'arias
335 2084 381 2157 ob
405 2109 520 2156 causas
557 2097 663 2156 totam
696 2087 757 2156 viri
782 2089 889 2158 sancti
915 2086 1093 2182 epistolam
1118 2089 1185 2159 hoc

18 2223 19 2250 ³
136 2209 216 2280 loco
241 2208 563 2279 communicandam
590 2232 662 2279 esse
687 2208 861 2282 duximus.
888 2210 1002 2281 Primo
1024 2210 1116 2279 enirn
1142 2234 1185 2280 ex

18 2393 19 2432 ἶ
136 2355 177 2402 ea
206 2342 320 2426 patet7
348 2330 384 2400 S.
406 2330 614 2420 Maximum,
642 2331 839 2426 apographo
855 2354 918 2427 per
933 2333 1081 2421 amicos,
1100 2356 1186 2426 quos

136 2451 434 2547 Constantinopoli
471 2452 639 2542 habebat⁷
680 2455 743 2548 ipsi
780 2454 996 2546 transmisso,
1036 2455 1183 2548 priorem

18 2585 20 2628 t
138 2575 283 2663 Honorii
316 2575 492 2670 epistolam
526 2577 562 2645 in
601 2575 855 2646 conscribendis
879 2575 922 2646 ad
948 2575 1117 2648 Marinum
1144 2576 1186 2645 li-

19 2759 21 2776 ,
140 2699 222 2769 tcris
255 2720 338 2792 prae
370 2697 476 2768 oculis
500 2696 671 2768 habuisse.
699 2698 875 2769 Praeterea
900 2721 943 2768 ex
968 2701 1041 2792 ejus
1065 2698 1185 2791 agendi

139 2822 293 2910 ratione,
322 2845 388 2915 qua
414 2822 450 2890 in
471 2821 598 2915 privata
612 2820 656 2890 ad
669 2823 818 2892 amicum
836 2821 977 2916 epistola
995 2822 1186 2893 Honorium

19 3007 20 3012 ,
140 2942 334 3014 defendens
365 2943 446 3038 ipsis
477 2943 580 3037 hujus
611 2941 785 3014 Pontificis
810 2944 920 3014 verbis
957 2957 1060 3040 atque
1085 2966 1187 3035 argu·
1252 2925 1260 2936 ⁸

141 3066 356 3138 mentatione
396 3067 528 3155 utitur7
567 3069 647 3159 jure
689 3067 810 3136 meritc
851 3065 1079 3154 conficimus,
1122 3088 1188 3136 nec

141 3189 314 3260 Joauuem
352 3188 395 3257 lv
431 3189 467 3257 in
501 3188 569 3258 suis
602 3187 646 3258 ad
680 3187 924 3282 Imperatorem
957 3186 1061 3258 literis
1094 3186 1189 3256 hunc

142 3310 350 3383 defensionis
366 3311 509 3382 modum
526 3310 763 3403 neglecturum
779 3309 901 3401 fuisse2
920 3312 948 3410 si
968 3309 1188 3405 epistolarum

142 3433 287 3504 Houorii
300 3432 476 3528 exemplar
486 3432 722 3528 apographum
737 3431 1186 3504 adhucRomae‘exstitisset.

143 3555 402 3627 Haereticomm
436 3554 561 3627 deinde
593 3557 781 3645 accusatio,
817 3579 921 3650 quam
955 3554 990 3624 S.
1022 3553 1189 3623 Maximus

145 3677 290 3767 refellit7
318 3677 388 3748 sola
413 3679 548 3773 respicit
572 3678 713 3748 Honorii
738 3678 840 3749 verba
860 3677 904 3748 de
920 3675 1041 3748 Christi
1053 3675 1190 3746 Domini

146 3801 343 3890 volantium
370 3800 414 3871 dc
437 3801 573 3871 cilentio
598 3803 686 3872 circa
708 3799 829 3871 Christi
844 3799 1077 3894 operationes,
1096 3794 1190 3891 quod

147 3923 303 3995 Pontifex
340 3922 399 3994 ille
434 3925 673 4019 imposuisset,
715 3948 760 3995 nc
796 3922 940 3994 verbum
978 3920 1117 4016 quidem
1154 3921 1189 3989 in

147 4046 288 4142 epistola
327 4048 486 4117 occurrit.
527 4047 702 4142 Deniquep
751 4070 839 4142 quae
872 4045 907 4128 S,
945 4043 1112 4126 Maximus
1146 4041 1190 4124 ab

184 4252 213 4321 1)
251 4245 346 4304 Lauta
370 4245 411 4320 v,
431 4247 509 4311 raca,
