3092 5000
641 489 688 568 77

133 674 257 740 verbum
291 674 372 739 vitae
400 674 584 751 retinentes,
620 674 813 738 introductas
847 673 1017 759 extinguite
1040 673 1180 740 tenebras

133 775 322 861 Apollinaris
345 783 377 842 et
398 775 499 840 Severi
521 775 811 840 nefandissimamm
833 775 1009 841 haereseum
1031 797 1086 861 per
1096 795 1182 861 supe·

132 876 195 940 rius
221 884 406 942 memoratos
428 876 528 954 viros,
551 876 740 961 temporibus
763 877 857 942 etiam
879 876 1003 955 nostrie,
1015 877 1182 962 procaciter

133 979 336 1063 germinatas,
360 978 492 1061 qualiter
513 978 656 1042 funditus
679 976 815 1042 extincta
833 977 1010 1061 hujusmodi
1034 977 1181 1063 caligine,

17 1119 19 1140 .
132 1077 257 1144 Lucifer
290 1077 379 1144 nobis
410 1079 603 1163 resplendeat
625 1100 679 1164 per
701 1099 754 1142 vos
777 1078 983 1142 sanctissimos
1007 1086 1038 1143 et
1060 1079 1181 1164 dogma

17 1199 18 1204 ¹
135 1179 195 1244 tica
218 1179 361 1244 definitio
384 1202 489 1244 omnes
512 1180 625 1264 ubique
644 1179 828 1256 laetificans,
842 1201 933 1262 quam
944 1179 1069 1265 gloriosi
1081 1179 1181 1244 Eccle

16 1289 18 1352 ἶ
135 1281 199 1346 siae
221 1281 346 1359 Patres,
371 1287 554 1366 sanctaeque
577 1287 608 1345 et
631 1279 825 1345 Universalss
848 1279 986 1364 quinque
998 1281 1114 1365 Synodi
1129 1304 1184 1366 per

131 1381 255 1468 propria
278 1381 414 1467 piissima
436 1381 581 1467 dogmata
603 1381 637 1445 in
660 1389 799 1448 aeternae
821 1381 901 1447 vitae
925 1383 1042 1446 firmam
1066 1382 1182 1448 heredi·
1206 1429 1209 1436 .

16 1565 17 1574 ¹
131 1489 229 1548 tatem
251 1482 442 1568 praedicasse
466 1490 645 1547 noscuntur.
692 1483 734 1547 Et
756 1482 946 1568 subscriptio.

178 1584 372 1669 Stephanus,
396 1606 450 1669 per
479 1583 536 1647 Dei
573 1583 808 1649 misericordiam
842 1584 1011 1670 Episcopus
1034 1585 1180 1652 Dorensis

133 1691 164 1749 et
187 1685 306 1770 primus
330 1691 450 1750 sanctae
474 1684 591 1769 Synodi
622 1684 679 1749 sub
703 1683 985 1768 Hierosolymorum
1005 1685 1181 1749 Patriarcha

131 1785 213 1850 Sede
251 1785 470 1862 musistentis,
504 1785 657 1870 praesenti
691 1785 796 1850 libello
818 1808 836 1849 u
859 1809 907 1850 me
929 1785 1062 1864 dictato,
1087 1810 1179 1852 manu

131 1886 257 1971 propria
279 1886 472 1952 subscribens
495 1885 595 1951 obtuli
618 1886 667 1951 die
691 1893 776 1951 sexte
798 1885 941 1952 Octobris
965 1888 1177 1966 mensis,feria

13 2031 15 2036 ·
133 1985 243 2066 tertia,
267 1987 435 2053 indictione
459 1995 564 2052 octava
588 1990 620 2071 ¹).

155 2219 158 2222 -
182 2173 230 2243 Ex
243 2173 349 2262 hisee,
365 2199 451 2269 quas
464 2175 570 2244 varias
581 2175 751 2245 obcausas
763 2173 1176 2267 pulcherrirnasdicimu8‚

12 2357 13 2374 .
132 2297 237 2392 literis
273 2299 396 2368 invicte
426 2296 558 2368 ostendi
587 2321 684 2392 posse
710 2296 862 2387 videtur.
892 2311 964 2368 tum
990 2300 1176 2392 generatim

12 2375 14 2450 l
131 2432 315 2514 utramque
324 2419 464 2490 Honorii
479 2418 656 2514 epistolam
678 2419 722 2488 ab
743 2419 918 2490 haereticis
934 2419 1037 2492 luisse
1057 2446 1177 2494 eorru-

133 2554 245 2636 ptam,
258 2555 332 2612 tum
346 2544 520 2637 speciatim
538 2543 712 2636 posteriori
727 2541 816 2613 illius
824 2517 986 2637 epistolae
1001 2543 1091 2616 hauc
1100 2546 1180 2620 ulti-

11 2665 13 2748 ἰ
134 2688 227 2732 mam
261 2666 305 2733 ab
336 2664 462 2742 iisdem,
481 2667 640 2734 insertam
667 2663 769 2736 lirisse
797 2665 996 2759 periodum:
1052 2669 1180 2754 Quom-

11 2775 13 2836 l
133 2810 239 2880 quum
264 2786 345 2875 hos⁷
374 2812 461 2881 quoa
485 2788 533 2858 cd
545 2787 983 2880 cccprccdrctuefrutcret
1002 2791 1177 2885 Cccpr'eco-

11 2843 13 2938 l
126 2932 199 3000 pue
215 2920 330 2978 noster
343 2907 556 3002 Sophronias
569 2910 682 2996 nabit,
697 2910 945 3002 castravimus,
971 2938 1015 2983 aa
1031 2915 1180 2994 ducrum

11 3007 12 3014 ἵ
123 3031 373 3126 operationum
388 3030 589 3101 vocobulum
609 3033 767 3126 deincepa
780 3035 985 3125 praedabare
993 3036 1177 3126 caedatur.

136 3175 219 3234 ouon
252 3177 477 3224 mensurnorum
510 3167 728 3224 raourssanrr
763 3179 959 3227 aamercruu
987 3183 1085 3228 rracrr
1110 3183 1180 3238 nsua

135 3297 316 3363 merorum7
344 3278 378 3345 ac‘
400 3277 503 3346 etalem
521 3275 632 3370 Qua
643 3275 757 3368 frater
775 3290 808 3348 et
828 3277 1051 3373 Cocpchcopue
1067 3293 1182 3364 creater
1239 3267 1241 3272 ⁵

136 3395 179 3464 ct
203 3397 310 3466 unius
334 3399 544 3490 operctc'cac'a
567 3398 729 3468 cocubalo
753 3401 959 3472 altercaretur.
999 3401 1085 3472 Com
1117 3402 1181 3474 hac

134 3519 226 3586 enim
253 3517 391 3612 periodo
406 3521 568 3613 componi
583 3544 721 3614 prorsus
734 3525 854 3616 nequit
870 3523 1035 3618 Stephani
1054 3527 1180 3620 episto-

135 3636 191 3728 la,
227 3664 331 3736 quarn
372 3640 534 3737 quidem
565 3655 602 3711 ct
627 3667 705 3713 oum
733 3668 770 3714 ea
796 3661 1063 3740 componerent,
1093 3648 1181 3721 male

138 3759 381 3833 intellexerunt
417 3777 584 3835 auctores.
626 3767 738 3837 Primo
763 3769 854 3838 enim
881 3769 1178 3854 Monothelitarunr

134 3881 294 3973 insidias7
322 3884 366 3954 de
391 3887 518 3980 quibus
544 3887 735 3981 Stephanus
759 3889 929 3985 loquitur,
954 3895 989 3962 in
1007 3917 1105 3964 ramo
1118 3918 1179 3965 suo

136 4005 291 4078 Romano
330 4009 450 4081 itinere
490 4009 538 4078 illi
579 4011 702 4104 positas
739 4009 857 4102 luisse7
899 4013 982 4085 false
1008 4029 1177 4089 amarunt.

170 4260 197 4328 1)
217 4259 311 4316 ncces
329 4261 386 4326 vr,
406 4266 554 4320 ror-rra.
