3116 5002
856 459 905 536 36
977 547 981 554 ,

354 633 441 707 valde
464 633 646 708 mirabiliter
668 663 759 727 super
782 663 871 706 omne
893 663 990 728 genus
1012 640 1174 706 hominum
1191 645 1356 726 conceptus
1367 644 1399 703 et

354 751 445 808 uatus
478 751 568 809 esset.
613 744 655 808 nt
677 750 781 807 saneta
804 764 925 828 quoque
946 742 1045 827 ipsius
1065 742 1224 807 incarnata
1246 741 1400 826 dispensa·

353 844 438 909 tione
472 843 616 922 docebat,
651 844 724 928 quia
756 843 942 929 Redemptor
964 849 1084 921 noster,
1109 843 1189 908 siout
1211 847 1290 908 esset
1313 841 1398 905 Deus

353 945 521 1030 perlaetus,
556 945 601 1010 ita
634 930 712 1010 esset
734 951 765 1010 et
784 944 876 1008 homo
895 944 1067 1029 perlectus:
1091 951 1143 1022 ut,
1168 964 1260 1027 quam
1280 941 1399 1027 primns

352 1045 444 1110 homo
477 1068 531 1132 per
563 1045 851 1131 praevaricationem
885 1044 1004 1122 amisit,
1040 1045 1106 1110 sine
1139 1045 1243 1128 aliquo
1272 1047 1397 1129 peceato

352 1153 444 1210 uatus
465 1147 581 1232 primae
603 1146 748 1232 imaginis
768 1145 904 1212 nobilem
927 1146 1078 1232 originem
1101 1151 1269 1211 renovaret.
1294 1143 1397 1208 Natus

352 1234 492 1332 ergo'est
514 1248 666 1314 secundus
685 1248 785 1312 Adam
808 1243 932 1311 nullum
954 1246 1070 1313 habens
1092 1247 1245 1312 uasoendo
1267 1244 1315 1310 vel
1327 1266 1397 1309 oum

351 1347 529 1413 hominibus
559 1347 763 1414 conversando
792 1354 972 1433 peecatum:
1008 1348 1122 1413 etenim
1156 1346 1291 1413 Verbum
1327 1366 1397 1410 earo

351 1447 468 1523 factum
489 1449 524 1513 in
547 1449 761 1514 similitudine·
775 1447 874 1513 earnis
896 1449 1029 1534 peceati,
1054 1449 1157 1513 omnia
1178 1454 1283 1513 nostra
1300 1468 1398 1512 susee-

350 1549 415 1632 pit,
439 1549 561 1616 nullum
583 1556 685 1616 reatus
708 1549 819 1614 vitium
841 1549 940 1614 ferens
962 1572 999 1613 ex
1022 1548 1147 1614 traduce
1168 1547 1397 1634 praevaricatio·

350 1649 400 1714 nis
423 1656 573 1716 exortum.
602 1649 846 1716 similitudinem
869 1672 941 1736 ergo
963 1649 1186 1736 intelligimus,
1210 1671 1273 1714 non
1296 1647 1397 1713 carnis

350 1750 431 1834 ejus,
461 1751 514 1816 sed
535 1751 662 1837 peceati.
708 1751 833 1816 Etenim
856 1773 977 1816 earnem
998 1750 1152 1820 Dominus
1174 1772 1274 1816 veram
1298 1772 1397 1814 susee-

350 1850 411 1936 pit
429 1873 466 1916 ex
489 1851 670 1918 intemerata
692 1859 724 1918 et
744 1852 832 1918 beata
854 1851 971 1938 virgine
995 1851 1054 1917 Dei
1078 1851 1243 1938 genitrice,
1268 1849 1398 1916 consub-

350 1951 506 2017 stantialis
539 1952 629 2019 uobis
663 1953 798 2020 effeetus.
843 1953 925 2041 Ergo
949 1952 1185 2018 similitudinem
1209 1951 1308 2017 earnis
1330 1973 1397 2037 pec·

350 2053 411 2117 eati
445 2060 568 2119 sanetus
602 2053 679 2120 dicit
701 2055 888 2141 Apostolus:
913 2073 1004 2138 quam
1028 2053 1159 2119 similem
1182 2052 1272 2118 nobis
1294 2074 1396 2138 pecea-

351 2153 469 2220 toribus
499 2156 564 2222 sino
592 2162 717 2242 peceato
740 2179 811 2222 cum
834 2156 936 2220 anima
957 2154 1100 2220 rationali
1122 2154 1256 2240 suscepit
1263 2179 1272 2232 3
1296 2160 1328 2219 et
1350 2154 1414 2240 id·-

351 2255 430 2321 oirco
452 2280 542 2322 euram
564 2259 744 2324 sodomama
766 2258 934 2322 seeundum
944 2256 1073 2342 primam
1085 2255 1297 2321 formationem
1310 2254 1395 2322 Adae

351 2359 517 2422 maneum
551 2345 745 2428 humanitatis
777 2356 1221 2424 enumeratus
1250 2355 1395 2442 dignutus

351 2464 415 2535 est,
438 2481 496 2525 non
518 2460 593 2524 daus
615 2461 795 2538 coemamus,
819 2458 1074 2543 quemadmodum
1098 2480 1182 2523 nuno
1207 2479 1264 2523 uos
1285 2455 1395 2522 habere

351 2557 575 2643 dignoscimur,
600 2562 654 2645 qui
676 2562 715 2627 do
735 2566 860 2647 peceato
883 2583 989 2625 sumus
1011 2560 1097 2624 Adae
1119 2559 1226 2646 geniti.

397 2743 458 2815 His
483 2744 605 2835 dietis,
633 2771 771 2819 essere
797 2747 972 2843 Scriptura
998 2746 1158 2836 ostendit,
1186 2770 1249 2818 nos
1273 2769 1393 2817 omnes

350 2865 459 2936 »duas
505 2871 690 2940 contrarias
739 2869 866 2940 habere
913 2867 1132 2958 voluntates,
1186 2869 1310 2939 mentis
1358 2879 1393 2937 et

350 2990 485 3060 »onmis
519 2992 664 3062 invicem
700 2987 958 3081 reluctantes‘',
995 3005 1029 3062 et
1069 2991 1150 3062 dein
1192 2993 1237 3061 ita
1276 3013 1394 3086 prose·

350 3113 498 3205 quitur:
869 3121 872 3128 ’

394 3303 475 3389 Ergo
509 3327 591 3370 unus
621 3312 652 3371 et
686 3306 769 3371 solus
803 3315 850 3373 est
872 3307 938 3373 siue
960 3314 1083 3394 peceato
1107 3307 1259 3374 Mediator
1282 3305 1340 3373 Dei
1361 3314 1394 3372 et

350 3402 510 3467 hominum
534 3405 625 3470 homo
648 3405 789 3472 Christus
811 3409 918 3486 Jesus,
942 3409 996 3492 qui
1018 3410 1050 3474 in
1073 3409 1203 3474 mortuis
1225 3408 1302 3474 liber
1324 3429 1394 3474 con-

350 3510 456 3588 ceptus
477 3511 509 3570 et
530 3512 622 3570 natus
645 3512 702 3572 ost.
727 3507 767 3572 In
791 3507 1017 3594 dispensatione
1039 3511 1143 3594 itaque
1162 3517 1283 3576 sanotae
1295 3509 1395 3590 earnis

285 3652 287 3656 -
350 3625 422 3681 suae
444 3605 521 3670 duas
543 3629 712 3691 numquam
734 3608 843 3674 habuit
866 3610 1032 3675 contrarias
1057 3611 1248 3689 voluntates,
1272 3633 1328 3678 nec
1350 3632 1395 3676 m·

229 3785 230 3788 Ἴ
348 3706 497 3790 pugnavit
520 3707 672 3773 voluntati
692 3710 804 3774 mentis
815 3711 880 3795 ejus
891 3711 1034 3776 voluntas
1045 3713 1143 3779 earnis
1153 3713 1260 3799 ipsius.
1282 3711 1393 3795 Neque

349 3806 430 3870 enim
465 3807 574 3873 habuit
604 3810 817 3895 quodcumque
850 3819 1025 3897 peecatum,
1058 3815 1111 3899 qui
1134 3814 1217 3881 venit
1239 3813 1393 3878 dimittere

348 3914 506 3992 peceatum
540 3911 665 3989 mundi,
701 3912 958 3994 quemadmodum
989 3915 1106 4001 etipse
1129 3915 1228 3980 dixit:
1263 3915 1336 3995 Quis
1357 3937 1394 3978 ea

348 4008 427 4071 uobis
449 4018 552 4091 aequet
574 4034 619 4075 me
640 4014 676 4076 de
690 4013 846 4100 peccato?
865 4020 897 4079 et
919 4015 993 4079 alias
1015 4015 1118 4082 taliter
1128 4016 1188 4082 ait:
1208 4017 1305 4080 Venit
1307 4015 1395 4096 priu-

351 4129 415 4189 ceps
435 4112 539 4175 mendi
559 4113 662 4198 lmus,
687 4122 716 4179 et
737 4116 771 4178 in
792 4137 837 4178 ure
858 4115 973 4181 ervenit
994 4118 1080 4182 nihil.
1128 4117 1218 4182 Unde
1244 4116 1395 4195 seientes,

349 4209 437 4292 quod
460 4211 582 4277 nullum
605 4213 638 4278 in
662 4238 715 4292 so,
740 4238 809 4280 oum
834 4224 1008 4282 nasceretur
1023 4226 1054 4285 et
1065 4225 1307 4295 conversaretur,
1320 4225 1401 4283 esset
