3092 5000
117 675 202 769 »Per
245 675 404 746 relectam
445 677 481 744 in
521 679 691 769 praesenti
718 676 819 747 nobis
844 673 1046 772 epistolam,
1077 691 1157 768 pro·

119 801 247 894 »priam
274 801 530 870 consonantiam
557 799 666 894 Cyrus
678 799 942 891 demonstravit,
958 823 1060 896 quam
1075 819 1155 869 cum

118 921 251 1015 »Sergio
276 935 311 991 et
334 920 465 1017 Pyrrho
491 923 527 991 iu
553 924 764 1017 expositione
790 925 1075 994 novitatiseorum
1094 921 1157 991 hu·

118 1045 218 1116 »bere
256 1043 468 1132 ostenditur,
497 1043 650 1115 similiter
675 1069 756 1114 cum
781 1044 847 1116 illis
870 1048 907 1115 in
932 1046 1057 1140 scripto
1081 1059 1156 1115 eam

117 1166 359 1238 »confir-mans.
412 1165 618 1236 Ceciderunt
642 1180 757 1239 autem
785 1193 804 1237 a
830 1192 891 1238 sua
917 1191 1000 1262 spe,
1029 1169 1160 1238 urentiti

117 1301 254 1360 ”contra
293 1301 401 1384 caput
441 1291 634 1383 proprium.
688 1290 766 1362 Non
807 1292 899 1360 enirn
927 1303 1082 1384 suscepto
1111 1302 1162 1360 ost
1237 1365 1243 1376 ,

117 1445 129 1472 »
138 1414 277 1482 omnino
291 1424 349 1481 aut
362 1410 506 1481 admissa
520 1424 571 1482 est
588 1412 780 1483 secundum
798 1436 918 1482 vanam
934 1433 1055 1483 eortrm
1064 1427 1160 1506 spem

118 1535 245 1626 »tnagis
283 1545 397 1604 autem
424 1533 651 1605 condemnata
677 1547 728 1605 est
753 1546 786 1604 et
811 1533 1091 1604 anathematizata
1113 1529 1161 1604 al)

117 1654 320 1748 napostolica
329 1657 530 1726 auctoritate
543 1655 613 1726 huc
628 1657 820 1726 transmissa
838 1657 1003 1750 pessimae
1016 1667 1052 1725 ct
1061 1675 1162 1750 praa·

118 1809 129 1836 n
138 1789 299 1869 sumptae
330 1778 486 1847 novitatis
512 1801 633 1849 eorum
660 1775 831 1847 Ecthesis’'
860 1779 908 1867 ¹)3
935 1777 1059 1872 quibus
1084 1797 1161 1849 ver·

117 1897 164 1970 bis
206 1922 278 1969 non
321 1899 588 1993 praedecessoris
626 1901 679 1970 sui
719 1901 917 1970 memoriam
952 1899 1159 1990 defendero,

117 2020 173 2090 sed
209 2021 465 2092 haereticorum
495 2045 617 2092 vanam
648 2046 747 2117 spem
779 2021 957 2094 manifeste
986 2022 1165 2094 ostendere

118 2141 223 2213 voluit
248 2142 418 2214 Pontifex.

161 2267 319 2339 &condo
347 2267 419 2338 loco
445 2267 657 2362 respondeo:
686 2267 808 2338 lectam
836 2267 975 2362 quidem
1000 2265 1103 2337 fuisso
1123 2268 1162 2336 ¹iu

117 2389 301 2460 Secretario
327 2389 370 2458 lV
394 2388 491 2459 Pauli
516 2390 559 2460 ad
586 2390 803 2462 Theodorum
822 2390 952 2484 Papam
969 2387 1160 2484 epistolamg

117 2535 233 2583 verum
260 2536 330 2583 nou
357 2534 397 2582 ec
424 2511 507 2601 fineu
538 2525 638 2582 ntea
665 2511 809 2607 epistola
827 2511 1084 2602 confutaretur,
1103 2510 1163 2583 aad

119 2647 153 2704 ut
181 2636 255 2728 ipse
280 2633 408 2703 Paulus
432 2635 609 2705 haereseos
634 2637 910 2705 convinceretur.
961 2633 1159 2724 Praetorem

118 2755 243 2826 Paulus
282 2753 339 2824 ille
370 2754 533 2826 laudibus
561 2757 677 2851 utique
702 2755 835 2826 extollit
860 2755 1073 2847 Honorinm‚
1099 2755 1162 2826 aed

119 2890 155 2947 ut
179 2901 264 2947 com
289 2877 468 2968 PatribuS,
496 2902 567 2950 uon
592 2891 631 2948 ut
655 2902 733 2950 cuin
749 2878 864 2970 Sergio
880 2875 1158 2950 concordantem.

117 3000 208 3071 »Sed
244 3013 279 3070 et
316 3023 436 3072 omnes
470 3001 601 3096 pietatis
626 3000 781 3072 doctores
807 3015 841 3071 et
868 2999 1158 3096 praedicatores”‚
1282 3025 1284 3030 '

117 3123 250 3217 inquit,
278 3122 499 3217 »hujusmodi
519 3147 607 3193 umus
624 3147 814 3194 rouurrnns
831 3137 948 3194 mente
963 3123 1162 3194 <intrantur

119 3270 251 3329 »numus
287 3245 533 3318 concordantes
558 3256 594 3315 et
609 3221 845 3316 ¹consonantes
870 3245 948 3315 facti
976 3257 1057 3315 sunt
1079 3241 1161 3314 fletr-

119 3403 132 3429 n
142 3371 218 3461 gius
227 3381 261 3439 et
274 3366 469 3438 Honorius'’
498 3368 536 3455 ²).
564 3366 611 3435 Ex
625 3367 753 3462 quibos
766 3366 916 3463 denique
932 3367 1041 3438 verbis
1058 3366 1161 3462 plane

118 3490 246 3586 liquet,
286 3514 358 3577 non
398 3489 497 3559 aliam
524 3513 543 3558 a
569 3488 674 3560 Paulo
702 3490 867 3582 prolatam
892 3488 995 3560 fuisse
1019 3489 1160 3560 nonum

118 3615 390 3700 accusanonem,
430 3635 532 3707 quam
571 3610 666 3705 quod
699 3609 756 3682 ille
781 3611 935 3682 Pontifex
963 3612 1097 3681 unicam
1124 3613 1160 3680 in

119 3736 250 3806 Christo
279 3733 446 3828 professus
471 3745 558 3803 esset
579 3731 804 3804 voluntatem.
857 3733 966 3820 Quam
991 3733 1161 3803 monenti·

120 3883 222 3932 onem
260 3860 286 3928 si
327 3858 443 3927 Patres
484 3855 725 3926 lateranenses
762 3854 915 3926 refellere
956 3853 1159 3944 uoluissentt

121 3981 295 4069 invocata‚
315 4003 418 4075 quam
445 4002 507 4073 pro
535 3979 685 4050 Honorio
710 3978 860 4049 Joanues
882 3977 926 4047 tv
951 3977 1159 4090 composuit,

157 4188 185 4256 1)
221 4184 316 4241 naboe
334 4184 392 4250 vr,
412 4184 476 4240 210.

156 4271 184 4340 a)
220 4269 292 4324 run.
312 4271 372 4324 aar.
