3140 5004
640 493 687 569 bb

136 675 242 744 ratori
269 672 417 744 oblatam
445 672 550 744 fuisse
575 673 749 766 aSergio3
768 671 946 744 Heraclius
976 673 1068 744 enim
1090 693 1181 745 anno

45 847 47 858 .
135 795 277 866 Domini
305 793 374 865 ott
405 819 521 867 mense
546 796 667 868 Martio
692 798 760 867 vita
785 795 925 868 functus
950 808 1014 866 est.

186 919 256 990 Sed
291 918 489 990 Heraclium
523 918 681 990 Eothesin
714 931 951 990 retractantem
978 920 1086 990 secuti
1111 944 1181 990 non

135 1054 222 1112 sunt
238 1041 504 1130 Monothelitae,
524 1043 584 1136 qui
605 1040 800 1136 pontificiae
813 1040 955 1114 loannis
972 1042 1183 1114 condemna·

129 1165 225 1236 tioni
277 1163 490 1258 pontificiam
541 1164 681 1235 Honorii
723 1179 962 1260 opposuerunt
999 1167 1183 1238 auotorita-

135 1299 208 1357 tem
251 1311 291 1356 ac
329 1287 549 1358 sententiam.
601 1286 675 1356 Hoc
712 1297 826 1356 autern
866 1287 910 1356 ad
934 1309 1007 1357 rem
1032 1300 1182 1358 nostram

134 1433 245 1505 quam
273 1408 465 1505 plurimum
489 1407 592 1497 facit,
612 1407 759 1502 ideoque
780 1408 922 1479 minime
939 1409 1184 1502 negligendum

134 1545 209 1622 est,
236 1532 331 1626 quod
353 1529 597 1602 Monothelitae
614 1532 884 1601 consentientem
903 1530 1045 1626 quidem
1066 1555 1183 1603 secum

136 1655 225 1749 ipsis
250 1653 402 1723 dixerint
426 1652 641 1741 Honorium,
669 1652 729 1723 sed
755 1654 790 1724 in
815 1652 970 1724 doctrina
995 1665 1127 1724 tantum
1144 1653 1187 1723 da

138 1801 215 1848 mcc
255 1775 398 1846 Domini
434 1774 629 1864 uoluntate,
670 1798 741 1846 non
772 1776 809 1845 in
834 1774 969 1846 silentio
994 1774 1038 1846 de
1063 1775 1185 1847 Christi

70 1901 74 1907 ’
137 1897 405 1994 operationibus
445 1895 651 1987 indicendo,
679 1896 775 1991 quod
798 1920 840 1968 ex
865 1898 966 1968 variis
995 1896 1187 1984 Catholica-

139 2045 245 2111 rnm,
286 2021 345 2114 qui
384 2017 616 2090 defendebant
654 2018 869 2108 Honorium,
905 2020 1075 2114 responsis
1108 2017 1188 2090 luce

137 2144 270 2215 clarius
295 2154 453 2238 apparet.

191 2267 332 2338 Primus
349 2268 424 2358 ejus
441 2262 674 2334 defensionem
691 2263 841 2358 suscepit
857 2262 1006 2335 Joannes
1023 2263 1114 2358 Papa
1129 2263 1185 2352 IV,

140 2394 235 2462 inter
265 2388 331 2460 alia
356 2388 441 2458 haec
465 2363 619 2457 scribens
643 2387 688 2456 ad
712 2385 858 2458 Heraclii
884 2385 995 2457 filium
1021 2385 1188 2458 Constan-

140 2529 258 2598 tinum
285 2521 559 2619 Imperatorem:

20 2801 23 2830 Ι
189 2737 354 2817 Quantum
384 2752 422 2794 ex
456 2727 583 2793 diversis
617 2726 882 2813 suggestionibus,
907 2751 984 2813 quae
1004 2729 1044 2793 ad
1065 2751 1122 2794 nos
1145 2751 1190 2794 ca·

20 2831 22 2848 ²
140 2834 289 2902 terratim
322 2835 489 2907 venerunt,
524 2826 665 2911 quinimo
698 2835 730 2893 et
763 2851 801 2894 ex
834 2829 902 2915 ipso
935 2851 1056 2914 quoque
1080 2829 1190 2895 auditu

141 2935 330 3012 didicimus,
354 2953 460 2997 omnes
483 2927 685 2994 occidentales
706 2937 807 3014 partes
831 2930 1052 2996 scandalizatae
1066 2930 1190 2996 turban-

138 3046 211 3116 tur,
242 3037 336 3101 fratre
357 3039 463 3098 nostro
497 3029 616 3114 Pyrrho
637 3030 813 3096 Patriarcha
834 3054 888 3116 per
909 3032 1014 3098 literas
1036 3049 1106 3097 suas
1127 3031 1189 3096 buc

141 3149 239 3225 atqua
272 3137 348 3202 illuc
373 3131 566 3199 transmissas
589 3152 667 3195 nova
689 3133 837 3215 quaedam
860 3139 891 3198 et
912 3139 1030 3218 praeter
1053 3131 1189 3217 regulam

142 3241 219 3308 fidei
254 3238 465 3325 praedicante,
498 3239 531 3298 et
565 3232 605 3296 ad
634 3233 792 3318 proprium
814 3256 938 3299 sensum
960 3234 1047 3318 quasi
1069 3239 1191 3298 sanctae

143 3341 309 3410 memoriae
342 3336 517 3404 Honorium
547 3335 662 3418 Papam
683 3335 869 3400 decessorem
890 3342 1031 3400 nostrum
1042 3334 1192 3400 attrahere

142 3443 330 3520 festinante,
354 3439 437 3525 quod
460 3461 478 3502 a
500 3441 601 3501 menta
624 3434 775 3500 Catholici
796 3436 892 3522 patria
911 3436 1192 3522 eratpenitusalia·

143 3569 233 3614 num.
268 3543 371 3630 Igitur
393 3546 429 3604 ut
451 3543 550 3603 vestra
575 3535 748 3622 benignitas
770 3561 892 3604 causam
913 3545 1011 3603 totam
1032 3539 1077 3604 rei
1099 3538 1192 3603 disce·

37 3703 40 3710 .
143 3673 177 3714 rs
213 3645 332 3733 possit,
363 3637 564 3706 subtilissima
585 3637 727 3716 veritate,
751 3661 829 3723 quae
851 3647 922 3706 anta
945 3639 1044 3706 brevis
1065 3639 1193 3704 interca·

144 3749 291 3836 podinem
311 3741 460 3828 temporis
481 3743 567 3826 gesta
589 3744 680 3817 sunt,
703 3741 858 3807 enarrabo.

193 3848 317 3934 Sergius
339 3842 519 3910 reverendae
542 3838 1059 3928 memoriaePatriarchapraedicto
1071 3849 1191 3909 sanctae

147 3947 369 4018 recordationis
403 3947 558 4011 Romanae
592 3943 677 4009 urbis
706 3943 851 4008 Pontifici
885 3943 1084 4030 significarit,
1108 3945 1192 4029 quod

147 4050 321 4138 quidamin
334 4043 536 4134 Redemptore
548 4047 588 4142 D,
614 4045 657 4111 N.
681 4046 711 4110 J.
735 4045 770 4112 0.
792 4045 1193 4142 drascontrariaadicerent

147 4154 324 4220 voluntates
331 4175 341 4229 ;
377 4172 438 4234 quo
469 4148 624 4235 praefatus
657 4149 740 4233 Papa
773 4155 943 4234 comperto,
968 4147 1123 4234 rescripsit
1146 4148 1194 4226 ai,

148 4255 222 4339 quia
255 4251 394 4318 Salvator
426 4256 546 4327 noster,
570 4249 650 4313 sicut
672 4255 751 4315 esset
772 4249 950 4314 monadicus
973 4272 1072 4328 unus,
1095 4249 1195 4314 itaet
