3140 5004
660 454 736 552 aa*

155 640 295 716 autem,
319 629 346 697 si
371 627 547 698 literarum
573 629 811 724 apographum
834 653 875 701 eo
900 642 1055 727 tempore
1074 633 1202 705 Romae

155 751 350 822 exstitisset.
401 749 447 821 At
471 751 672 823 methodum
699 765 837 824 secutus
861 764 911 823 est
936 755 971 824 in
996 780 1057 826 sua
1082 757 1203 852 apolo-

153 875 206 968 gia
234 874 340 969 plane
355 873 535 945 diversam.
563 855 731 967 Neglectis
744 877 834 946 enim
849 875 1011 967 Honorii,
1032 880 1199 973 quinimo,

41 1065 43 1114 t
153 998 179 1070 si
204 998 252 1068 ita
278 997 392 1068 dicere
416 995 466 1066 fas
491 1010 562 1087 est,
589 997 752 1090 neglectis
776 1000 846 1069 suis
870 1000 978 1093 ipsius
995 1002 1118 1090 verbis,
1138 1027 1201 1073 ne-

41 1127 42 1166 2
152 1119 273 1213 glectis
298 1122 594 1213 argumentatione
617 1144 657 1190 ac
682 1132 844 1192 contextu
867 1121 1051 1216 epistolae,
1077 1123 1201 1196 Catho-

151 1243 255 1313 lieam
282 1241 327 1313 de
352 1241 474 1313 Christi
499 1243 636 1313 Domini
663 1242 839 1315 voluntate
857 1243 1047 1315 doctrinam
1068 1246 1200 1341 simpli-

153 1366 238 1436 citer
270 1365 434 1460 exponit,
473 1365 574 1460 eique
602 1367 803 1460 expositioni
829 1367 914 1437 haec
938 1378 1073 1437 tantum
1098 1368 1201 1439 verba

151 1487 355 1581 subjungit:
392 1487 579 1557 secuudum
612 1487 703 1558 tuuc
726 1489 835 1584 agitur
863 1490 999 1560 modam
1025 1488 1202 1562 Honorino

149 1609 332 1703 campsaim
356 1609 581 1706 dyonantum

198 1730 318 1823 Longe
343 1730 440 1802 aliter
464 1730 544 1802 feeit
569 1730 605 1802 S.
633 1731 822 1820 Maximus,
851 1735 911 1827 qui
926 1735 1045 1828 etipse
1059 1733 1199 1806 Honorii

149 1852 387 1924 defensionem
433 1854 595 1925 adversus
641 1853 879 1926 Monothelitas
919 1857 1081 1951 suscepit.
1145 1857 1199 1928 Sic

149 1978 244 2047 enim
271 1975 389 2046 scribit
413 1975 456 2046 ad
482 1975 653 2047 Marinum
681 1977 943 2072 presbyteratu:

193 2182 371 2248 Honorium
404 2182 496 2248 etiam
530 2182 704 2247 Romanum
738 2184 852 2268 Papam
882 2204 947 2247 non
980 2181 1103 2248 diffiteri
1132 2205 1199 2248 reor

148 2283 334 2350 naturaliter
362 2284 396 2349 in
429 2282 552 2348 Christo
574 2282 769 2348 voluntatum
792 2281 972 2348 dualitatem
995 2283 1029 2347 in
1050 2283 1197 2369 epistola,

148 2409 244 2470 quam
278 2384 399 2471 scripsit
432 2385 471 2448 ad
493 2382 651 2469 Sergium,
677 2384 819 2468 eoquod
842 2405 936 2448 unam
959 2383 1070 2452 dixerit
1091 2384 1198 2449 volun-

25 2511 26 2518 *
147 2494 264 2565 tatem3
297 2487 351 2552 ssd
385 2484 488 2571 potius
521 2484 675 2562 confiteri,
700 2491 731 2550 et
753 2485 833 2550 hanc
854 2484 991 2552 fortassis
1014 2485 1106 2551 etiam
1129 2509 1197 2552 con-

110 2647 112 2650 .
149 2587 287 2659 stabilire
297 2633 381 2653 .....

25 2703 26 2710 ’
192 2690 274 2755 Gom
304 2687 387 2753 enim
409 2685 552 2765 dixisset,
576 2687 665 2771 quia,
690 2692 813 2772 propter
836 2685 1021 2752 ineffabilem
1043 2687 1194 2753 unitatem

146 2792 301 2856 hnmanae
330 2811 366 2854 ac
388 2787 508 2853 divinae
530 2792 674 2865 naturae,
698 2795 727 2852 et
750 2790 832 2852 Deua
856 2787 968 2854 dieitur
986 2786 1071 2868 pati,
1095 2796 1123 2853 et
1145 2790 1197 2852 tu·

147 2892 280 2957 munitae
313 2892 350 2955 de
372 2891 449 2954 coelo
471 2912 535 2954 cum
557 2889 741 2954 humanitate
765 2888 866 2974 [leget
889 2888 1061 2978 divinitate]
1084 2891 1197 2954 dacen-

145 2993 222 3058 dine
234 3017 243 3069 3
278 2996 309 3056 et
342 2990 401 3054 hoe
435 2991 527 3054 modo
562 2989 744 3054 ostendisset
766 3011 890 3066 eorum,
916 3011 993 3073 quae
1015 2989 1196 3054 naturaliter

146 3094 259 3159 insunt
280 3091 404 3175 utrique
426 3095 554 3155 naturae
575 3089 668 3154 unius
690 3088 805 3154 Christi
827 3096 859 3154 et
880 3088 939 3156 Dei
961 3087 1033 3154 Filii
1051 3111 1196 3174 percom-

147 3193 369 3270 mutationem,
404 3213 555 3255 summam
576 3189 797 3267 redditionem,
823 3188 995 3256 subinfert:
1026 3193 1122 3268 Unde,
1150 3190 1196 3256 in·

148 3296 275 3380 quiens,
298 3301 327 3358 et
350 3316 440 3358 anam
463 3293 642 3357 volantatem
654 3295 797 3379 fatemur
821 3290 944 3354 Dom‘uri
965 3291 1036 3355 Jeau
1066 3292 1195 3370 Christi,

147 3395 303 3479 quomodo
337 3392 403 3458 ait:
438 3393 517 3474 Quia
546 3396 682 3480 profecto
716 3417 736 3456 a
765 3392 923 3457 divinitate
961 3401 1109 3476 assumpta
1154 3401 1196 3459 eat

150 3504 263 3561 natura
296 3501 416 3571 trustra,
450 3515 507 3558 aaa
533 3495 637 3576 σαίρεις
660 3493 778 3571 idest,
802 3500 1068 3579 nonapecoato,
1092 3516 1197 3580 prope·

148 3597 293 3674 modum,
328 3617 397 3659 cum
432 3616 543 3680 magno
576 3594 685 3659 effatus
706 3592 892 3673 Athanasio,
917 3593 970 3678 qui
993 3594 1067 3659 haec
1089 3602 1195 3661 contra

147 3696 374 3784 Apollinarium
404 3693 533 3780 impium
564 3694 689 3760 scribit:
714 3694 838 3773 „Natus
861 3700 966 3760 estex
989 3694 1132 3774 muliere,
1155 3697 1194 3762 de

74 3822 78 3831 ·
149 3845 169 3878 „
177 3798 279 3885 prima
289 3795 491 3885 plasmatione
502 3795 635 3861 hominis
646 3795 773 3860 formam
786 3794 842 3860 sibi
855 3795 972 3880 erigens
980 3794 1014 3858 in
1022 3795 1194 3862 ostensione

148 3898 275 3978 „earnis
308 3897 422 3983 absque
449 3897 621 3963 carnalibus
654 3895 865 3962 voluntatibus
894 3903 925 3961 et
948 3898 1092 3964 humanis
1115 3897 1194 3984 cogi-

148 3998 350 4080 „tationibus
370 3998 405 4063 in
426 3999 559 4086 imagine
581 3998 737 4064 novitatis.
760 3997 913 4063 Voluntas
936 3998 1018 4065 enim
1037 3999 1101 4064 sola
1119 4000 1195 4065 divi·

150 4100 286 4180 „nitatis
308 4106 371 4179 est,
395 4099 539 4185 quoniam
559 4107 668 4165 natura
685 4106 751 4165 tota
762 4098 933 4165 divinitatis
944 4108 990 4166 est
998 4148 1080 4167 .....
1082 4098 1103 4129 ”
1126 4100 1194 4166 Hac

150 4225 221 4289 ergo
243 4201 390 4268 ineffabili
413 4201 581 4267 nativitatis
600 4201 665 4286 ejus
687 4201 824 4290 inspecta
845 4201 963 4269 ratione
969 4250 979 4282 ,
1003 4200 1192 4286 illequidenr
