3092 5000
633 471 680 543 78

137 640 235 706 tiones
259 642 397 706 omnium
418 667 497 728 pene
520 645 725 710 habitantium
749 647 943 712 orientalium
956 653 1086 711 tractum
1100 669 1177 710 reve

135 742 386 808 rendissimornm
425 746 644 832 Episcoporum
668 755 698 812 et
720 749 964 813 Christianorum
976 748 1177 834 populorum,

134 851 336 912 consonanter
369 846 523 930 praedicto
548 847 652 912 beatae
674 849 837 915 memoriae
859 849 1030 934 Sophronio
1059 849 1179 913 adhoc

134 968 180 1012 me
225 944 444 1024 invitantium,
489 955 597 1033 utpote
639 949 772 1033 primurn
808 949 1100 1036 Hierosolymitanae
1135 949 1179 1013 di·

135 1069 289 1126 oeceseos,
306 1048 479 1131 pervenire,
491 1052 644 1127 condedi,
658 1051 828 1115 secundum
839 1051 1037 1136 scripturam,
1048 1074 1178 1116 saraam

133 1151 226 1214 oculis
268 1152 339 1214 meis
379 1159 407 1214 et
433 1152 585 1232 ,cabaebra's
618 1153 689 1215 meis
722 1153 956 1217 dormitationem
990 1160 1019 1216 et
1051 1153 1178 1237 requiem

134 1253 310 1335 impolitas
331 1252 417 1328 meis,
442 1258 593 1333 quatenns
617 1251 782 1337 adimplere
805 1253 976 1318 debuissem
1000 1252 1177 1337 hujusmodi

133 1352 365 1418 desiderabilem
385 1352 570 1436 jussionem3
584 1353 637 1416 sed
660 1352 774 1436 absque
796 1353 860 1417 ulla
882 1375 967 1418 mora
985 1354 1178 1438 propterhoc

133 1455 237 1539 ipsum
270 1454 484 1518 tantummodo
509 1454 570 1518 hue
593 1447 768 1539 properavi;
796 1478 813 1518 a
837 1477 898 1538 quo
927 1462 1062 1540 tempore
1085 1455 1178 1520 tertio

18 1642 21 1651 Ι
134 1556 218 1619 visus
246 1578 315 1618 enm
337 1554 443 1619 vestris
465 1555 639 1640 apostolicis
654 1547 765 1620 ¹adesse
788 1556 941 1642 vestigiis,
977 1564 1122 1642 expetens
1145 1579 1179 1621 ac

134 1658 332 1742 deprecatus,
345 1662 381 1718 ut
393 1656 474 1738 quod
488 1655 542 1719 ille
554 1662 585 1720 ct
607 1679 711 1720 omnes
734 1657 865 1722 libenter
887 1658 1040 1743 postulare
1051 1679 1180 1722 noscun-

134 1765 196 1834 tur,
204 1758 264 1821 hoc
275 1763 331 1834 est,
341 1757 412 1820 fidei
424 1756 668 1821 Christianorum
680 1757 868 1842 periclitanti
880 1782 1004 1823 manum
1016 1759 1178 1844 porrigere.

182 1859 275 1940 Quod
303 1857 494 1922 addiscentes
529 1857 691 1934 contrarii,
727 1881 791 1923 non
813 1859 931 1924 levibus
954 1883 1002 1924 me
1024 1860 1180 1945 implicue-

135 1966 211 2023 runt
244 1957 479 2035 afflictionibus,
514 1958 740 2043 praeceptiones
763 1967 886 2045 propter
912 1983 959 2025 me
982 1983 1036 2046 per
1061 1960 1128 2025 loca
1149 1967 1180 2024 et

133 2059 308 2146 provincias
331 2059 515 2144 dirigentes,
540 2066 691 2142 quatenus
714 2061 929 2146 comprehendi
953 2069 984 2126 et
1005 2061 1093 2126 ferris
1112 2083 1180 2125 con·

135 2161 262 2226 strictus
287 2161 326 2224 ad
351 2183 401 2224 eos
428 2160 565 2225 deberem
591 2161 757 2239 destinari,
776 2161 855 2226 sicut
867 2184 970 2226 omnes
982 2169 1180 2246 cognoscunt.

134 2264 197 2327 Sed
220 2261 371 2326 Dominus
395 2261 561 2325 auxiliatus
584 2268 631 2326 est
652 2261 728 2324 mihi
750 2268 782 2326 et
802 2261 943 2327 liberavit
973 2284 1019 2326 mc
1034 2261 1072 2326 ab
1085 2263 1180 2326 omni·

135 2365 197 2428 bus
218 2362 469 2448 persequentibus
493 2384 557 2439 me,
581 2361 710 2444 ideoque
733 2363 771 2426 ad
794 2363 984 2448 propositum
1008 2370 1179 2428 currentem

135 2471 171 2530 et
192 2465 230 2528 nd
253 2461 391 2528 bravium
413 2469 624 2548 properantem
647 2469 763 2528 vestrae
787 2465 981 2549 Apostolicae
1000 2464 1095 2530 Sedis.
1119 2465 1182 2529 Ne·

135 2587 198 2649 qne
219 2563 358 2649 despexit
379 2565 464 2628 Deus
489 2585 590 2648 preces
613 2586 680 2627 enm
705 2564 845 2650 lacrymis
868 2565 987 2629 oblatas
1010 2564 1181 2650 supplicum

136 2687 280 2741 snorum,
316 2666 368 2728 sed
399 2664 543 2728 excitavit
576 2686 640 2727 non
674 2665 815 2748 equidem
838 2665 1028 2731 mediocriter
1051 2688 1183 2751 praeces

136 2787 219 2832 sores
249 2765 492 2850 apostolicosque
525 2764 678 2850 praesules
708 2765 742 2829 in
774 2767 1011 2831 commonitione
1040 2787 1182 2831 necnon

135 2865 360 2932 contestatione
390 2865 612 2950 praedictorum
635 2865 786 2944 virorum,
811 2867 884 2932 licet
905 2867 995 2931 nullo
1018 2868 1108 2931 modo
1132 2890 1182 2932 eos

137 2971 259 3033 flectere
280 2972 458 3052 potnerunt.

183 3067 337 3133 Excitavit
371 3074 474 3132 antem
508 3073 539 3130 et
572 3087 669 3144 nunc,
695 3091 731 3131 ex
759 3067 818 3132 Dei
840 3069 999 3133 voluntate
1022 3068 1076 3151 qui
1099 3090 1182 3153 prae·

138 3171 236 3247 sidet,
261 3168 420 3232 dominum
443 3173 584 3231 nostrum
595 3167 764 3231 Martinum
777 3175 824 3232 ter
834 3167 1041 3232 beatissimum
1055 3170 1181 3254 Papam,

138 3291 229 3354 quem
265 3269 328 3332 suis
363 3266 505 3333 Ecclesiis
529 3269 681 3332 condonet
704 3291 811 3332 sanum
835 3276 866 3332 et
888 3268 1092 3347 incolumem,
1118 3269 1183 3334 lon·

138 3393 283 3458 gaevum,
315 3376 395 3434 recte
417 3367 643 3453 praedicantem
665 3370 791 3433 verbnm
814 3370 967 3447 veritatis,
994 3371 1182 3456 incompara-

138 3473 243 3537 biliter
276 3492 310 3534 ac
345 3469 524 3533 mirabiliter
550 3469 697 3534 zelantem
721 3472 826 3535 zelum·
843 3471 919 3548 Dei,
944 3471 999 3554 qui
1023 3479 1053 3537 et
1077 3493 1181 3537 omnes

138 3594 191 3637 vos
203 3570 411 3636 sanctissimos
422 3569 592 3634 sacerdotes
604 3570 668 3653 ejus
680 3570 718 3633 ad
731 3593 762 3635 se
771 3593 951 3656 congregare
960 3595 1015 3657 pro
1024 3573 1184 3636 destructi·

139 3697 196 3738 one
231 3672 355 3756 quidem
393 3669 555 3747 novitatis,
591 3670 818 3737 conservatione
853 3680 955 3738 autem
984 3680 1180 3758 paternorum

138 3773 292 3839 Ecclesiae
304 3773 492 3857 Dogmatum
516 3771 652 3848 studuit3
677 3794 754 3855 quos
778 3774 938 3857 postulans
963 3775 1088 3858 conjuro
1106 3795 1183 3858 opus

138 3875 279 3960 perficere
303 3873 433 3958 madae,
457 3872 490 3936 in
514 3894 574 3954 quo
596 3894 650 3956 per
673 3895 704 3937 se
727 3873 812 3937 Dens
834 3874 953 3938 vocavit
976 3897 1046 3951 vos,
1069 3881 1122 3952 ut,
1141 3897 1184 3938 se·

139 3976 275 4040 cundum
308 3975 391 4056 quod
427 3972 533 4038 beatus
567 3972 683 4036 Paulus
717 3973 776 4051 ait,
800 3973 948 4058 abjiciatis
972 3975 1140 4060 malignum
1166 3997 1184 4038 a
1246 4037 1248 4040 .

138 4074 373 4160 vobismetipsis.
418 4074 481 4138 Vos
527 4095 658 4156 namque
702 4075 861 4158 postulans
872 4123 882 4152 ,
928 4075 1014 4140 vobis
1048 4076 1181 4140 scribens

139 4176 302 4254 Romanis,
326 4175 479 4260 praecepit
501 4175 657 4239 attendere
680 4198 740 4252 eos,
753 4175 807 4258 qui
819 4175 984 4243 seditiones
996 4183 1027 4253 et
1038 4176 1180 4250 scandala
