3092 5000
665 496 713 566 87

157 684 274 759 verat,
292 683 328 740 nt
344 695 363 740 a
381 693 457 740 vera
477 669 545 739 fide
560 657 736 741 deficeret.
748 668 805 740 Ex
821 674 973 768 ipsorum
992 699 1071 744 cum
1093 687 1209 746 sancto

157 791 294 866 Abbate
320 792 605 887 disputationibus
619 793 784 888 quaedam
804 795 859 865 hic
873 794 1117 890 proferuntur,
1137 810 1211 868 tum

160 929 200 986 ut
227 914 383 1003 Maximi,
411 939 538 1010 quem,
566 927 600 985 et
626 916 777 1009 priorem
796 918 938 988 Honorii
956 918 1133 1014 epistolam
1150 944 1214 990 no-

158 1041 248 1109 visse
281 1050 315 1108 et
355 1039 491 1133 Typum
517 1049 589 1109 toto
609 1039 723 1109 animo
749 1040 969 1134 reprobasse,
998 1066 1100 1136 supra
1126 1042 1212 1111 vidi-

161 1185 261 1247 mus,
285 1160 397 1231 filialis
424 1185 463 1231 ac
488 1148 647 1232 coristans
672 1185 750 1255 erga
775 1163 900 1233 Sedem
912 1163 1143 1259 apostolicam
1157 1189 1213 1236 os·

160 1283 324 1354 tendatur
342 1307 441 1354 amor
464 1308 503 1354 ac
528 1283 682 1373 devotio,
711 1298 782 1356 turn
818 1287 1002 1381 praecipue
1028 1300 1065 1358 nt
1089 1286 1218 1357 lectori

160 1408 372 1496 innotescat,
407 1399 491 1500 quot
515 1418 549 1476 et
574 1420 718 1502 quantas
743 1407 881 1479 Honorii
899 1411 1134 1480 auctoritatem
1153 1406 1208 1478 in-

161 1527 306 1599 vocandi
335 1530 528 1599 occasiones
554 1529 735 1600 habuerint
760 1530 946 1619 haeretici,
974 1530 1053 1602 licet
1087 1555 1207 1601 earum

161 1653 217 1723 usi
246 1653 313 1722 sint
340 1675 478 1746 prorsus
504 1653 612 1724 nulla.

214 1773 399 1846 Accusatus
424 1777 538 1870 itaque
565 1799 678 1848 coram
695 1775 1068 1873 Constantinopolitano
1085 1778 1209 1850 Senatu

163 1923 228 1994 per
252 1899 360 1968 varios
394 1900 500 1987 viros,
536 1898 580 1967 ad
614 1899 716 1969 verba
743 1900 915 1992 Gregorii,
945 1903 1003 1995 qui
1029 1914 1104 1995 post
1130 1900 1213 1972 alios

163 2035 234 2092 tres
259 2033 360 2091 testes
385 2033 506 2114 quarto
530 2019 606 2090 loco
624 2021 857 2093 testimonium
875 2035 991 2092 contra
1011 2047 1092 2093 enm
1110 2023 1210 2092 dixe-

163 2158 239 2233 rat,
267 2143 351 2213 haec
376 2141 575 2238 respondit:

209 2385 270 2451 Hic
304 2385 447 2452 dominus
471 2408 557 2450 meus
580 2385 746 2472 Gregorius
769 2385 893 2450 veniens
916 2387 1044 2468 Romam
1067 2386 1213 2474 dignatus

166 2495 213 2554 est
234 2488 338 2552 venire
361 2489 400 2551 ad
423 2487 564 2552 cellulam
589 2487 666 2552 servi
690 2487 793 2551 vestri.
819 2490 888 2570 Quo
911 2487 993 2566 viso,
1017 2488 1110 2552 sicuti
1122 2489 1213 2552 moris

165 2597 212 2654 est
246 2589 340 2667 milri,
369 2589 482 2674 projeci
515 2588 668 2673 meipsum
689 2589 723 2654 in
748 2595 859 2654 terram
889 2596 920 2654 et
943 2590 1064 2654 adoravi
1086 2613 1155 2654 eum
1180 2597 1212 2654 et

164 2691 320 2756 osculatus
350 2711 421 2754 sum
449 2698 482 2754 et
502 2689 567 2752 dixi
590 2690 616 2753 ei
638 2697 709 2775 post
732 2690 916 2780 sessionem:
942 2694 1028 2774 Quae
1052 2714 1142 2756 causa
1166 2698 1212 2756 est

166 2790 373 2859 desiderabilis
395 2792 544 2856 adventus
567 2791 684 2855 domini
707 2792 788 2857 mei?
809 2794 852 2855 At
874 2791 944 2870 ille,
961 2793 1085 2870 Bonus,
1098 2791 1211 2876 inquit,

165 2900 196 2958 et
230 2917 248 2958 a
285 2893 350 2958 Deo
385 2893 574 2957 confortatus
609 2892 781 2957 dominator
815 2899 935 2971 noster,
970 2893 1209 2958 sollicitudinem

168 2993 284 3059 habens
317 2994 399 3079 pacis
423 2999 597 3058 sanctarum
622 2993 681 3058 Dei
703 2993 922 3071 Ecclesiamm,
945 2993 1113 3078 jussionem
1135 2993 1209 3058 fecit

167 3097 206 3160 ad
230 3094 379 3159 divinitus
402 3095 586 3159 honoratum
609 3095 741 3180 Papam,
766 3095 857 3159 missa
879 3095 972 3160 etiam
994 3093 1149 3159 oblatione
1173 3095 1212 3158 ad

167 3198 198 3262 S.
230 3199 373 3274 Petrum,
397 3196 538 3260 hortatus
556 3202 609 3260 ¹est
630 3218 719 3273 enm,
743 3217 804 3279 qno
827 3218 858 3260 se
881 3195 1014 3280 praesuli
1037 3195 1213 3260 Constanti-

166 3297 346 3383 nopolitano
380 3297 499 3375 uniret,
534 3320 611 3381 quae
645 3296 730 3360 mitti
760 3319 813 3382 per
843 3296 1084 3363 mediocritatem
1110 3312 1210 3360 meam

166 3399 328 3485 dignatum
351 3405 397 3469 est
419 3398 506 3484 pium
528 3399 593 3483 ejus
612 3397 783 3482 imperium.
830 3398 872 3462 Et
894 3398 976 3464 dixi:
1001 3397 1107 3462 Gloria
1130 3397 1206 3475 Deo,

133 3501 221 3584 ‚qui
254 3499 327 3564 iecit
355 3506 387 3564 te
420 3499 549 3585 dignum
582 3499 760 3584 hujusmodi
791 3499 977 3578 ministeri03
1001 3505 1210 3564 verumtamen

166 3599 224 3665 sub
260 3622 320 3683 quo
354 3599 418 3664 fieri
450 3601 541 3664 modo
563 3601 713 3664 unitatem
738 3623 756 3663 a
778 3600 844 3665 Deo
868 3607 1011 3665 coronata
1034 3601 1099 3684 ejus
1119 3599 1211 3684 jussit
1290 3646 1291 3649 ,

166 3699 391 3784 tranquillitas,
415 3701 441 3766 si
465 3701 568 3765 nosti?
612 3700 654 3764 Et
677 3700 800 3766 dixisti:
847 3701 910 3766 Sub
933 3703 1030 3786 Typo,
1065 3700 1106 3763 Et
1129 3698 1212 3762 dixi:

167 3801 383 3889 Impossibile,
419 3809 455 3866 ut
490 3803 617 3887 opinor,
652 3807 699 3866 est
732 3802 811 3880 hoc:
846 3824 911 3867 nou
931 3823 1013 3867 auru
1035 3821 1211 3866 Panuurna

167 3925 292 3970 nonam
314 3924 468 3980 auratam,
492 3923 557 3967 uua
580 3923 645 3968 cnm
667 3924 796 3968 ruamus
819 3923 1212 3993 nannnrrconunvocmus,

166 4026 351 4072 saumonem
371 4025 498 4069 Parnon
520 4025 688 4069 nncmnaas
710 4025 821 4082 vcors,
846 4026 904 4069 vnn
926 4024 1111 4078 sinoncort
1134 4023 1212 4067 unu-

167 4127 463 4172 nac1ovna1rarnu
486 4126 653 4183 uxamam,
677 4127 739 4172 aur
762 4126 826 4172 cun
849 4125 1115 4171 raunnmsnumru
1128 4125 1214 4175 raat-

170 4229 231 4280 tun
253 4229 416 4280 DISSIPARI·
