3140 5004
640 477 689 548 tt

146 679 336 728 »conamen
376 655 568 727 fraternitas
604 667 713 726 vestra
752 653 868 742 ducit,
905 679 972 750 qua
997 681 1060 752 pm
1084 678 1185 729 causa

145 778 376 872 »praedictam
402 779 556 849 chartam
571 778 616 849 de
635 778 762 872 pariete
775 799 846 848 non
864 777 1052 872 deposuit?
1076 780 1186 851 Nemo

145 902 321 996 »quippe‚
349 901 441 996 quod
466 901 698 991 abominatur,
725 899 818 971 colit.
870 899 904 969 Si
929 914 1068 992 autern7
1095 902 1188 998 quod

145 1023 272 1113 nubsit,
314 1022 515 1117 hujusmodi
551 1025 715 1118 scriptum
741 1022 983 1117 amplectitur,
1017 1028 1115 1118 cujus
1140 1028 1188 1096 rei

30 1173 31 1180 ¹
148 1147 274 1236 »gratia
302 1146 492 1217 nobishoc
520 1169 581 1240 per
614 1146 751 1241 propria
776 1145 938 1241 synodica
962 1171 1022 1216 sua
1048 1148 1189 1218 minime

144 1267 370 1361 „patefecitP”
417 1269 531 1356 Quum
557 1291 661 1362 porro
685 1268 858 1363 Pyrrhum
885 1271 942 1339 cui
966 1268 1093 1340 Paulus
1107 1293 1188 1340 suc-

29 1393 31 1422 ³
143 1406 305 1482 cesserat,
333 1393 498 1463 canonice
522 1415 594 1472 nun
607 1390 727 1462 luisset
743 1391 939 1486 depositus,
956 1393 1049 1487 Papa
1067 1391 1184 1462 addit:

29 1529 31 1588 ἓ
144 1513 409 1610 »Praecepimus
424 1515 602 1586 carissimis
618 1514 696 1585 filiis
712 1517 834 1587 nostris
851 1515 964 1586 Serico
978 1514 1188 1586 archidiaco-

145 1661 212 1708 »uo
244 1651 281 1708 et
314 1637 459 1708 Martino
492 1637 636 1709 diacono
672 1650 708 1708 et
739 1638 972 1733 apocrisiario,
999 1639 1125 1733 quibus
1153 1649 1188 1708 et

29 1741 31 1762 ³
144 1759 284 1832 »locum
298 1773 454 1831 nostrum
468 1759 512 1829 ad
525 1761 629 1854 hujus
645 1762 694 1832 rei
708 1759 991 1832 deliberationem
998 1759 1184 1850 credimus,

30 1981 31 1990 ἵ
142 1895 335 1977 »quatenus
372 1907 454 1953 cum
492 1881 702 1953 fraternitate
738 1895 847 1954 vestra
875 1883 1037 1978 praedicti
1063 1883 1187 1978 Pyrrhi

144 2005 268 2099 »culpa
295 2005 497 2098 regulariter
520 2003 740 2100 exquiratur”
769 2006 808 2094 ¹).
836 2004 1022 2095 Martinus,
1052 2005 1096 2076 de
1117 2030 1187 2101 quo

30 2165 31 2174 1
144 2126 196 2198 hic
220 2151 349 2219 sermo,
371 2130 537 2223 posteain
562 2127 732 2200 demortui
757 2127 927 2199 Theodori
941 2128 1054 2223 Papae
1071 2127 1185 2200 locum

143 2253 314 2323 successit.
366 2251 501 2322 Sericus
546 2265 664 2323 autern
703 2249 972 2322 Archidiacunus
1004 2250 1095 2338 idem
1136 2264 1187 2321 est

29 2433 30 2460 p
143 2396 220 2443 cum
247 2373 366 2469 Syrico
391 2374 563 2464 Diacono,
591 2378 690 2468 cujus
714 2375 870 2444 meminit
895 2374 1065 2445 Honorius
1089 2374 1186 2444 initio

143 2497 333 2587 posterioris
366 2495 410 2566 ad
439 2496 593 2589 Sergium
619 2495 798 2592 epistolam
825 2497 870 2566 ita
895 2495 1015 2566 saltem
1041 2497 1186 2589 conjecit

29 2595 30 2632 ³
142 2615 343 2690 Sirmundus
379 2619 515 2690 dicens:
558 2618 682 2689 »illurn
720 2618 841 2714 perdiu
878 2631 913 2689 et
951 2619 1017 2690 sub
1049 2619 1186 2691 diversis

29 2729 30 2756 ³
142 2741 386 2826 „Pontificibus
410 2744 614 2838 apocrisiarii
640 2766 785 2845 munere
800 2741 1055 2838 ·perfunctum’'
1082 2745 1121 2832 ²).

28 2953 30 2960 y
186 2865 320 2959 tegatis
356 2869 424 2938 suis
466 2865 644 2938 mandasse
681 2865 905 2955 Pontificem,
944 2878 983 2936 ut
1019 2868 1055 2936 in
1088 2865 1185 2937 Pauli

142 2979 354 3059 patriarchae
396 2988 500 3059 fidem
534 2987 714 3080 diligenter
737 2990 968 3084 inquirerent,
995 3012 1038 3060 ex
1063 3012 1185 3083 supra·

28 3093 29 3100 ¹
143 3108 237 3182 dictis
263 3113 393 3183 merito
425 3110 616 3202 colligitur7
644 3123 679 3181 et
703 3122 877 3204 praeterea
902 3134 945 3181 ex
970 3111 1184 3206 subsequen*

144 3234 229 3306 tibus
255 3247 350 3306 certo
375 3247 520 3306 cunstat.
548 3234 710 3305 Plurimis
729 3234 822 3304 enirn
841 3232 988 3330 querelis
1007 3249 1027 3303 a
1047 3232 1185 3304 diversis

143 3351 318 3429 Africanae
336 3359 529 3452 provinciae
545 3357 718 3453 Episcopis
734 3369 808 3427 tum
827 3355 871 3426 ad
886 3358 1000 3452 ipsum
1019 3356 1181 3448 Paulumr

144 3491 216 3550 tum
242 3480 288 3551 ad
312 3481 580 3577 Imperatorem7
608 3493 685 3550 tum
710 3478 754 3548 ad
780 3479 964 3551 Summum
982 3473 1183 3553 Pontificem

141 3601 275 3695 delatis,
303 3603 399 3699 quod
419 3603 548 3675 Paulus
573 3603 748 3694 chartam,
776 3627 865 3700 quae
891 3603 1047 3674 Ecthesin
1072 3595 1183 3676 contl-

143 3726 264 3817 uebat,
308 3725 454 3820 publicis
495 3725 578 3798 lueis
615 3750 815 3821 suspensam
855 3747 925 3797 non
962 3723 1111 3796 auferret
1138 3724 1181 3815 ’),

143 3847 266 3920 Paulus
283 3849 439 3940 tandern⁷
458 3875 549 3920 annu
566 3848 659 3940 (ild,
678 3849 868 3942 legatorum
881 3849 1049 3943 imprimis
1061 3871 1180 3943 opera,

144 4009 354 4026 h*—

177 4091 205 4164 1)
240 4095 336 4150 nabbe
353 4093 394 4160 v,
411 4095 490 4150 7777.

176 4180 203 4248 2)
237 4177 347 4244 Labba,
364 4177 383 4234 l.
401 4195 425 4233 c.

178 4263 205 4330 a)
240 4261 334 4319 Labbe
357 4259 581 4328 Vrtur-156.
