3092 5000
853 475 921 547 tat

369 652 507 749 quidem
524 653 685 747 temporis
712 663 885 724 momento
911 650 1057 724 dubium
1085 677 1186 724 suum
1212 678 1404 750 proponere

371 777 541 872 potuisse,
565 800 659 866 eum,
678 799 720 847 ex
736 777 886 871 ipsomm
903 799 1038 871 quoque
1054 799 1242 869 consensu,
1261 780 1406 850 sessione

371 902 523 994 proxime
534 899 763 989 antecedenti,
775 899 916 973 Honorii
928 899 1046 971 literae
1063 912 1175 971 essent
1191 901 1399 974 combustae.

417 1021 566 1095 Alteram
593 1021 824 1093 difficultatem
849 1022 940 1094 idem
967 1025 1016 1096 vir
1032 1022 1243 1095 doctissimus
1260 1024 1400 1119 profert,

369 1169 448 1216 cum
474 1146 520 1215 ita
545 1126 769 1240 prosequitur:
793 1147 990 1218 »Praeterea
1005 1158 1134 1217 certum
1150 1158 1213 1236 est,
1227 1148 1402 1218 neminem

369 1270 481 1339 »inter
505 1269 675 1366 Romanos
699 1269 902 1359 Pontifices,
930 1273 989 1365 qui
1017 1282 1091 1364 post
1116 1269 1306 1341 Concilium
1326 1293 1404 1341 sex-

370 1404 467 1463 »tum
502 1391 667 1463 Ecclesiae
704 1391 944 1487 praefuerunt,
983 1406 1208 1488 conquestum
1240 1417 1405 1486 umquam

371 1515 512 1606 misse,
552 1516 587 1585 id
624 1516 661 1585 in
694 1515 834 1587 Honorii
861 1515 965 1587 literis
998 1515 1118 1587 fraude
1159 1518 1405 1588 haereticorum

371 1674 385 1703 »
395 1638 573 1730 accidisse,
603 1639 681 1710 licet
706 1641 740 1708 in
767 1652 929 1735 promptu
955 1639 1120 1710 haberent
1144 1641 1317 1711 Romanae
1334 1616 1407 1712 'Ec-

371 1763 515 1834 »clesiae
552 1762 777 1853 tabularium,
818 1787 860 1834 ex
893 1787 961 1858 quo
986 1762 1084 1833 facile
1108 1762 1404 1834 Monothelitarum

372 1921 385 1950 o
395 1885 550 1958 fraudem
575 1884 729 1957 refellere
754 1887 964 1981 potuissent,
992 1897 1026 1956 et
1050 1885 1129 1955 licet
1153 1909 1215 1981 pro
1241 1911 1300 1958 sua
1328 1910 1406 1979 erga

373 2008 691 2104 »praedecessorem
728 2007 928 2079 Pontificem
968 2007 1142 2078 voluntate
1166 2021 1201 2078 et
1225 2032 1287 2103 pro
1323 2008 1404 2099 illo,

373 2155 465 2227 »quo
502 2130 753 2219 animabantur,
781 2129 973 2201 Catholicae
1001 2153 1121 2201 causae
1146 2142 1264 2201 contra
1288 2129 1410 2202 Mono-

374 2254 530 2325 »thelitas
564 2253 698 2344 studio,
725 2252 761 2325 id
785 2255 942 2325 omittere
967 2266 1057 2326 certe
1083 2279 1153 2325 non
1177 2253 1373 2324 voluissent.
1386 2251 1407 2282 ”

420 2377 515 2465 Quae
551 2377 595 2448 ad
629 2378 718 2458 banc
743 2376 979 2450 difficultatem
1004 2376 1247 2448 eliminandam
1272 2375 1410 2448 diversis
1537 2445 1538 2452 ,

372 2501 455 2573 locis
485 2526 587 2596 supra
622 2526 642 2571 a
667 2501 765 2572 nobis
786 2505 858 2596 jam
884 2513 963 2573 sunt
983 2501 1156 2596 exposita,
1183 2499 1238 2570 hic
1262 2500 1409 2570 breviter
1536 2561 1537 2568 ,

374 2625 616 2697 contrahimus.
656 2625 870 2696 Successores
903 2625 1047 2696 Romani
1081 2623 1262 2694 Pontifices
1286 2647 1306 2693 e
1329 2647 1411 2694 suae

375 2748 540 2819 Ecclesiae
577 2747 743 2819 tabulario
783 2748 1030 2819 haereticorum
1066 2745 1221 2817 fraudem
1256 2745 1410 2818 refellere

375 2895 446 2942 non
479 2882 688 2965 potuerunt,
715 2895 796 2942 eum
820 2872 857 2940 in
883 2893 922 2941 ec
947 2869 1136 2960 tabulario,
1163 2869 1410 2941 haereticomm

375 2997 406 3066 vi
439 2994 589 3088 direpto,
617 3018 730 3091 neque
755 2994 896 3066 Honorii
921 2992 965 3064 ad
990 2993 1143 3086 Sergium
1169 3017 1281 3087 neque
1305 2993 1411 3085 Sergii
1531 3059 1532 3068 .

376 3120 419 3191 ad
457 3119 646 3192 Honorium
694 3117 812 3189 literae
850 3128 1032 3188 exstarent.
1072 3116 1111 3187 ld
1148 3118 1257 3212 primo
1290 3140 1332 3186 ex
1369 3141 1409 3188 eo

376 3245 565 3338 conjicitur,
593 3241 687 3337 quod
711 3239 848 3312 nullum
869 3238 1015 3334 amplius
1037 3241 1213 3331 vestigium
1226 3241 1412 3334 reperiatur

377 3390 517 3455 corum,
550 3365 673 3460 quibus
706 3363 897 3452 Honorius,
924 3373 1009 3433 teste
1034 3362 1069 3433 S.
1097 3361 1256 3450 Maximo,
1283 3361 1412 3432 haeresi

377 3488 547 3560 restiterit.
592 3485 772 3575 Secundo,
800 3483 889 3557 idem
907 3484 1108 3555 conficimus
1123 3507 1164 3555 ex
1179 3483 1307 3555 collatis
1324 3485 1413 3554 inter

376 3636 468 3700 sese,
494 3621 587 3681 ¹tum
624 3634 751 3680 normes
785 3608 832 3678 ad
855 3607 1100 3702 Imperatorem
1125 3609 1248 3703 scripta
1273 3608 1413 3679 loannis

377 3737 490 3830 Papae
526 3734 568 3805 lV
605 3731 774 3829 Apolopr‘o
808 3757 871 3825 pro
908 3731 1079 3821 Honorio,
1112 3745 1185 3801 tum
1212 3755 1345 3802 rmvlrs
1370 3729 1414 3800 ad

378 3857 546 3928 Marinum
564 3855 801 3952 presbyterum
827 3851 905 3922 data
929 3852 965 3923 S.
980 3852 1116 3924 Maximi
1141 3853 1302 3949 epistola,
1329 3853 1412 3926 dum

379 3982 471 4051 enim
508 3979 543 4050 S.
570 3978 735 4049 Maximus
779 3987 1035 4068 argumentatur
1070 3999 1112 4047 ex
1148 3977 1228 4072 ipsis
1276 3977 1414 4048 Honorii

380 4101 489 4172 verbis
514 4125 553 4172 ao
578 4113 752 4190 contextu,
779 4099 927 4171 loannes
952 4099 1043 4195 Papa
1064 4100 1158 4173 hunc
1174 4099 1412 4171 validissimum

381 4224 640 4322 argumentandi
677 4223 821 4295 modum
854 4222 1019 4317 negligit:
1052 4226 1143 4320 quod
1168 4222 1319 4322 profecto
1344 4246 1414 4293 non
