3140 5004
464 903 606 986 strar
644 901 862 986 return.

411 1103 469 1212 Dc
516 1105 630 1245 typo
667 1105 925 1217 Constantis.

196 1650 332 1747 Typus2
356 1675 499 1746 ¹quem7
539 1652 703 1723 suadente
729 1652 833 1723 Paulo
860 1654 1072 1745 Patriarcha,
1099 1681 1190 1728 auno

145 1775 287 1846 Domini
327 1774 400 1843 6d8
436 1775 601 1846 Constans
626 1775 815 1870 Imperator
841 1775 974 1847 Ecthesi
999 1779 1189 1868 substituit,

141 1897 209 1968 iuit
235 1901 408 1993 sequentis
433 1901 580 1970 tenoris:

188 2092 451 2158 Consuetudinem
484 2094 630 2159 habentes
664 2095 701 2158 de
736 2093 878 2158 omnibus
912 2117 1014 2159 euram
1047 2117 1134 2180 agera
1158 2103 1188 2160 et

142 2193 323 2283 intendere,
359 2217 435 2278 quae
469 2195 636 2280 respiciunt
666 2195 705 2258 ad
728 2194 892 2259 utilitatem
915 2195 1191 2260 Christianissimae

140 2301 267 2360 nostrae
297 2295 498 2380 reipublicae,
523 2303 555 2360 et
576 2295 739 2381 praecipue
763 2318 840 2378 quae
862 2295 1004 2360 feruntur
1026 2298 1065 2361 ad
1086 2299 1191 2362 imma

142 2395 280 2460 culatam
311 2402 447 2461 nostram
479 2397 588 2474 fidem,
622 2418 792 2482 perquam
814 2397 903 2461 nobis
926 2398 1029 2470 omnia
1049 2421 1192 2483 prospera

128 2496 213 2591 'heri
245 2497 412 2575 credimus,
445 2497 643 2583 eognovimus
677 2497 710 2562 in
745 2497 843 2561 multa
876 2497 1105 2583 perturbatione
1127 2522 1190 2564 esse

126 2595 287 2664 'nostrum
321 2597 525 2662 orthodoxum
548 2593 715 2684 populum:
739 2603 848 2684 utpote
872 2599 1044 2664 dicentibus
1069 2599 1193 2684 quibus·

143 2701 219 2766 dam
243 2721 337 2763 unam
359 2699 551 2764 voluntatem
572 2699 606 2763 in
625 2699 854 2784 dispensatione
865 2701 970 2786 magni
980 2701 1038 2766 Dei
1050 2708 1082 2766 et
1093 2701 1193 2766 Salva·

142 2801 223 2866 toris
247 2801 344 2865 nostri
362 2801 437 2864 Jesu
456 2800 589 2876 Christi,
610 2807 641 2864 et
661 2800 792 2864 eundem
802 2801 905 2885 ipsum
918 2802 1034 2886 operari
1045 2802 1148 2866 divina
1160 2810 1191 2866 et

144 2905 284 2968 humana
291 2927 301 2978 3
320 2901 388 2966 aliis
399 2907 501 2966 autem
513 2900 790 2987 dogmatizantibus
801 2902 877 2965 duas
887 2902 1062 2968 voluntates
1073 2911 1104 2968 et
1115 2905 1191 2967 duas

144 3003 339 3091 operationes
361 3002 396 3066 in
419 3003 522 3067 eadem
542 3001 769 3087 dipensatione
780 3001 932 3066 incarnati
947 3002 1047 3068 Verbi.
1071 3003 1188 3067 Etillis

144 3106 275 3191 quidem
298 3103 332 3168 in
355 3103 561 3168 satisfactione
584 3110 708 3188 propter
721 3125 813 3167 unam
824 3124 998 3187 personam,
1011 3125 1074 3168 esse
1086 3104 1191 3168 Domi-

146 3230 225 3272 num
250 3213 391 3271 nostrum
413 3206 521 3270 desum
543 3204 701 3270 Christum
723 3204 757 3268 in
769 3203 888 3269 duabus
899 3205 1017 3268 naturis
1032 3205 1192 3272 inconfuse

145 3318 181 3375 ct
202 3307 335 3373 indivise
357 3307 509 3371 volantem
533 3314 564 3370 ct
587 3312 759 3391 operantem
785 3305 890 3369 divina
912 3307 1103 3386 ethumana3
1121 3309 1189 3374 aliis

146 3418 255 3477 autem
288 3415 413 3493 propter
442 3408 655 3472 convenientes
688 3414 813 3471 naturas
835 3407 965 3472 indivise
987 3408 1021 3473 in
1042 3409 1109 3496 ipsa
1131 3433 1194 3477 una

146 3533 297 3600 persona,
320 3519 351 3574 et
373 3515 410 3572 ut
431 3509 563 3574 salvetur
586 3515 617 3574 et
639 3515 761 3572 maneat
783 3531 887 3573 aarum
906 3509 1077 3576 differentia
1088 3535 1192 3578 secun·
1270 3539 1281 3577 ·,

76 3633 80 3640 ·
147 3617 227 3678 dum
260 3618 402 3688 naturas,
436 3611 568 3675 cundem
589 3610 691 3695 ipsum
714 3631 811 3674 unum
835 3609 993 3676 Christum
1006 3614 1194 3686 ¹naturaiiter

147 3713 269 3801 operari
301 3712 405 3776 divina
427 3719 458 3776 et
480 3712 624 3776 humana.
670 3711 712 3774 Et
734 3733 771 3776 ex
793 3711 907 3776 hocin
929 3713 1057 3778 multam
1079 3715 1193 3780 dissen-

147 3817 270 3881 sionem
300 3822 331 3878 et
354 3812 581 3878 contentionem
603 3817 739 3877 nostram
762 3811 1052 3879 Christianissimam
1075 3838 1196 3902 rempu-

22 3895 23 3924 ³
148 3917 264 3983 blicam
283 3914 414 4000 produci
421 3962 432 4004 ².
455 3920 491 3978 ut
512 3912 723 4000 discordantes
739 3911 870 3978 invicem
892 3936 956 3980 non
978 3916 1192 3996 convenirent,

22 4079 23 4100 p
150 4031 184 4083 et
202 4040 239 4083 ex
263 4017 322 4081 hoc
344 4016 513 4082 secundum
535 4014 649 4078 multos
672 4014 778 4077 modos
800 4036 866 4078 eam
887 4015 969 4080 laedi
992 4025 1138 4102 oportere.

198 4118 300 4206 Igitur
338 4116 475 4182 arbitrati
510 4123 632 4193 sumus,
655 4112 693 4179 ab
716 4114 924 4200 omnipotente
947 4117 1013 4183 Deo
1036 4119 1195 4205 inspirati,

21 4223 23 4290 i
150 4222 234 4286 sicut
265 4217 357 4284 talam
392 4240 548 4283 accensam
582 4213 749 4280 discordiae
772 4217 923 4281 flammam
947 4220 1141 4306 extinguere,
1166 4229 1196 4286 at
