3116 5002
637 515 685 585 87

132 691 260 756 omuino
282 697 458 776 peccatum,
476 689 617 755 decenter
642 688 771 753 dicimus
791 696 822 755 et
834 689 978 755 veraciter
991 693 1180 771 confitemur,

131 815 225 857 uuam
248 791 439 856 voluntatem
461 790 496 854 in
518 798 639 856 sanctae
660 790 758 876 ipsius
781 790 1016 878 dispensationis
1042 792 1182 858 humani-

130 899 213 970 tate,
238 899 269 957 et
291 914 355 956 non
372 892 453 980 duas
478 891 642 956 contrarias
666 891 777 956 mentis
797 897 828 956 et
851 892 949 956 caruis
962 892 1181 978 praedicamus,

88 1071 91 1076 ¹
130 995 301 1060 secundum
337 993 420 1077 quod
456 993 580 1076 quidam
614 991 755 1057 haeretici
789 992 874 1057 velut
900 992 934 1056 in
956 1015 1033 1078 puro
1057 993 1181 1059 homine

130 1095 260 1162 delirare
283 1100 464 1159 noscuntur.

177 1196 353 1261 Secundum
400 1195 484 1259 hunc
525 1193 620 1280 igitur
655 1195 781 1258 modum
812 1195 875 1278 jam
909 1193 1010 1258 dictus
1044 1195 1181 1260 decessor

133 1305 239 1362 uester
260 1294 490 1382 praenominato
512 1295 617 1382 Sergio
639 1294 831 1359 Patriarchae
847 1294 1039 1380 percontanti
1050 1295 1182 1381 scripsis-

132 1423 165 1462 se
200 1396 409 1483 dignoscitur,
444 1397 516 1480 quia
544 1397 578 1461 in
601 1396 755 1460 salvatore
778 1401 883 1460 nostro
906 1396 984 1460 duae
1006 1395 1180 1462 voluntates

133 1498 321 1574 contrariae,
356 1497 389 1561 id
422 1503 487 1576 est,
521 1497 555 1563 in
577 1496 720 1563 membris
741 1495 854 1582 ipsius,
878 1495 1001 1582 penitus
1024 1518 1087 1561 non
1111 1520 1179 1562 con·

132 1601 267 1677 sistunt,
291 1598 435 1682 quoniam
459 1598 538 1663 nihil
561 1597 627 1662 vitii
649 1597 743 1662 traxit
765 1620 802 1662 cx
824 1596 1078 1682 praevaricatione
1089 1597 1180 1684 primi

131 1701 277 1765 hominis.
323 1700 363 1764 In
397 1698 485 1764 nobis
520 1699 619 1776 enim,
654 1720 718 1763 non
752 1699 786 1762 in
819 1721 871 1777 eo,
907 1705 1067 1784 coaptatur
1096 1700 1178 1782 quod

131 1801 282 1887 scriptum
304 1807 372 1865 est:
397 1801 462 1864 Scio
485 1800 561 1864 caim
584 1801 662 1886 qaod
682 1822 740 1863 aaa
761 1799 877 1864 dabitat
898 1800 931 1862 a'a
952 1822 1013 1877 me,
1025 1799 1058 1862 id
1073 1800 1179 1877 est‚in

130 1925 222 1967 carne
245 1924 329 1978 mea,
352 1906 467 1966 bocum.
513 1901 556 1964 rut
579 1900 709 1965 iterum:
733 1901 803 1964 Noa
825 1902 1092 1986 qaodvoloboacm
1104 1949 1114 1979 ,
1127 1903 1180 1965 hoc

131 2027 204 2086 cqc,
228 2001 281 2067 aad
300 2004 379 2088 qaod
398 2003 464 2066 nolo
485 2003 612 2079 malam,
635 2003 688 2065 doc
699 2002 802 2087 facia.
843 2002 876 2064 a·
897 2009 995 2066 actem
1016 2004 1094 2087 qaod
1113 2005 1179 2066 nolo

129 2107 241 2169 malum
252 2153 262 2183 ,
285 2105 366 2168 lllcd
374 2104 483 2190 facio,
508 2125 567 2166 aaa
581 2105 648 2188 jam
670 2124 720 2184 epo
743 2123 844 2184 operor
865 2102 957 2178 illud,
981 2104 1179 2188 aedqaodha

9 2239 10 2242 ¹
127 2207 205 2270 citat
241 2205 275 2268 a‘a
307 2227 352 2268 me
377 2211 532 2286 peccatam
543 2229 552 2280 3
584 2209 615 2268 et
648 2209 718 2287 post
752 2202 846 2266 haec:
878 2203 966 2266 Vcdco
987 2203 1064 2267 caim
1085 2203 1177 2266 oliam

129 2309 220 2389 dayam
253 2306 286 2370 ic
319 2306 453 2369 memmio
484 2305 571 2380 meis,
606 2310 813 2386 emanantem
843 2304 900 2385 legi
921 2304 1026 2368 mactis
1047 2327 1127 2368 meac
1149 2312 1178 2369 et

129 2409 327 2490 captivantem
360 2429 405 2470 aaa
430 2407 464 2470 ia
486 2407 548 2488 depe
564 2406 699 2489 pcccati,
723 2427 797 2489 quac
817 2411 860 2467 ea
881 2405 915 2467 ia
939 2405 1072 2468 mandria
1097 2406 1177 2471 meis.

128 2507 212 2573 Hinc
237 2529 308 2592 ergo
330 2507 387 2572 hae
410 2507 488 2572 duae
511 2505 679 2570 contrariae
701 2504 876 2569 voluntates
899 2504 1010 2569 mentis
1025 2505 1175 2583 etcarnis,

129 2631 205 2693 quas
228 2607 397 2693 Apostolus
419 2609 525 2685 docet,
547 2606 581 2671 in
604 2612 710 2671 nostro
733 2627 925 2688 nequaquam
949 2605 1177 2672 Salvatorefua·

9 2729 11 2740 ‘
128 2716 221 2787 runt,
257 2731 293 2773 eo
321 2709 404 2792 quod
427 2707 477 2773 hic
499 2706 675 2772 luctaminis
698 2704 842 2770 stimulus
864 2729 901 2771 ex
923 2706 1177 2791 praevaricatione

128 2809 313 2896 protoplasti
333 2809 465 2894 sumpsit
486 2807 632 2873 initium:
657 2806 802 2891 quoniam
822 2829 840 2870 a
858 2807 1061 2892 Redemptore
1072 2817 1177 2872 nostro

128 2917 240 2976 natura
262 2917 403 2996 suscepta
425 2916 488 2988 est,
512 2931 576 2974 non
599 2907 734 2973 criminis
758 2907 858 2993 culpa.

173 3013 235 3076 Sed
264 3033 303 3076 ne
334 3011 403 3095 quis
432 3032 665 3093 nonnumquam
697 3008 798 3072 minus
820 3006 998 3092 intelligens
1019 3008 1178 3092 reprehen-

129 3113 199 3191 dat,
225 3111 421 3196 quamobrem
444 3112 482 3176 de
504 3110 639 3175 humana
660 3115 784 3174 tantum
806 3114 934 3185 natura,
958 3114 988 3172 et
1007 3099 1175 3174 uonctiam

130 3215 168 3279 de
192 3213 297 3277 diviua
319 3219 430 3277 natura
450 3213 556 3277 docere
579 3210 711 3275 sciatur:
736 3209 850 3274 etenim
861 3208 1001 3275 Christus
1011 3209 1046 3273 in
1057 3209 1176 3275 duabus

130 3313 249 3380 naturis
283 3314 318 3378 in
352 3335 414 3378 una
447 3334 577 3399 persona
609 3310 706 3376 unitis
739 3309 949 3396 cognoscitur,
981 3310 1124 3375 adoratur
1146 3318 1177 3377 et

129 3415 243 3481 colitur
276 3415 360 3480 Deus
394 3421 425 3478 et
458 3414 552 3478 homo
584 3413 746 3498 perfectus.
792 3410 891 3477 Debet
917 3409 970 3495 qui
1004 3433 1095 3496 super
1117 3412 1176 3477 hoc

129 3515 259 3602 ambigit
280 3514 375 3593 scire,
399 3514 546 3600 quoniam
568 3515 608 3578 ad
630 3514 688 3578 hoc
710 3513 790 3579 lacta
812 3519 858 3579 est
876 3512 1031 3598 responsio
1054 3513 1176 3597 adjam·

128 3616 205 3682 dicti
239 3615 431 3681 Patriarchac
464 3614 745 3702 interrogationem.
790 3616 949 3679 Praeterea
977 3619 1009 3678 et
1030 3612 1089 3677 hoc
1110 3614 1175 3678 fieri

128 3718 224 3796 solet,
259 3723 297 3780 ut
332 3715 447 3781 scilicet
469 3715 522 3781 ubi
546 3722 592 3781 est
614 3715 744 3793 vulnus,
766 3714 810 3780 ibi
832 3713 1011 3779 medicinale
1038 3720 1175 3778 occurrat

127 3818 289 3883 auxilium.

178 4003 311 4074 Deinde
356 4002 528 4092 ostendit,
573 4002 676 4073 etiam
713 4003 748 4073 in
786 4002 821 4073 S.
864 4001 1039 4096 Scriptura
1076 4023 1173 4072 nune

129 4126 172 4196 de
206 4125 342 4214 diviua,
371 4148 466 4196 nunc
491 4124 535 4194 de
561 4124 712 4194 humana
738 4136 872 4195 tantum
899 4121 1021 4194 Christi
1049 4135 1170 4196 natura

129 4248 203 4340 agi,
232 4247 360 4342 quibus
384 4241 548 4342 erpositis
573 4271 710 4317 rursum
738 4246 945 4344 subjungit:
1098 4249 1100 4253 ’
