3092 5000
858 461 1014 532 86·

355 646 466 738 Hujus
486 643 568 728 ,rei,
612 661 688 710 mea
726 639 863 733 quidem
898 642 1085 728 sententia,
1128 665 1198 712 non
1244 642 1308 726 alia
1349 658 1402 716 est

354 767 460 854 ratio,
488 787 590 857 quarn
618 761 712 858 quod
737 761 910 832 silentium
935 761 1022 833 illud
1047 775 1130 834 tunc
1145 768 1309 860 temporis
1327 767 1399 837 llo-

354 889 441 961 norii
464 885 569 956 literis
594 884 749 956 nondum
775 897 848 956 erat
872 886 1051 955 insertum.

403 1009 539 1105 Opponi
566 1007 621 1078 hic
646 1020 779 1103 posset,
808 1007 875 1078 vim
900 1019 1035 1078 tantum
1065 1011 1255 1102 negativam
1273 1011 1401 1083 habere

353 1132 439 1205 illud
464 1143 723 1224 argumentum,
752 1155 860 1226 quum
886 1154 945 1219 ea,
965 1155 1053 1225 quae
1068 1145 1144 1226 post
1162 1133 1300 1227 Typum
1321 1158 1400 1207 oon·

353 1255 554 1326 demnatum
580 1252 623 1323 de
649 1252 799 1323 Honorio
824 1252 913 1322 dicta
938 1265 1018 1322 sunt
1043 1253 1087 1323 ab
1112 1253 1309 1346 haereticis,
1327 1255 1400 1328 for-

353 1402 413 1450 san
446 1377 609 1470 memoria
640 1375 839 1445 exciderint.
867 1375 1108 1470 Respondetur
1133 1378 1235 1468 igitur
1259 1380 1396 1471 primo,

353 1498 503 1596 aliquam
528 1496 648 1568 saltem
666 1498 733 1566 vim
753 1499 927 1591 positivam
955 1500 1070 1592 negari
1087 1522 1157 1569 non
1178 1523 1277 1594 posse
1294 1524 1399 1594 argu-

352 1633 492 1710 mento,
511 1644 618 1714 quum
634 1618 706 1690 fieri
724 1642 794 1690 non
812 1622 981 1714 potuerit,
1000 1632 1053 1710 ut,
1078 1645 1165 1716 quae
1182 1622 1217 1691 iu
1231 1625 1400 1694 contraria

351 1744 583 1838 suppositione
609 1741 653 1812 de
677 1742 828 1813 Honorio
853 1742 1000 1813 dixerint
1024 1743 1206 1834 haeretici,
1235 1768 1274 1814 ea
1295 1743 1400 1840 plane

351 1863 528 1960 deperdita
545 1865 612 1933 sint
629 1865 756 1935 omnia.
792 1863 1177 1959 Respondeosecundo,
1197 1865 1265 1934 vim
1283 1868 1400 1938 stricte

350 1989 527 2085 positivam
544 1988 643 2057 tertio
659 1987 722 2057 isto
735 1998 936 2078 argumento
949 1967 1052 2057 tribui
1061 2011 1123 2082 per
1135 2010 1280 2082 sequens
1293 2014 1400 2084 quar-

353 2123 428 2183 tum
455 2122 488 2181 et
513 2110 695 2205 praecipue
719 2132 782 2203 per
806 2110 965 2203 quintum
991 2122 1260 2202 argumentum,
1288 2136 1399 2206 quae,

351 2232 431 2304 licet
472 2232 609 2326 proprie
646 2255 726 2301 cum
764 2255 805 2302 eo
830 2255 941 2304 unum
968 2231 1143 2326 quoddam
1168 2235 1397 2326 constituant,

353 2357 491 2450 majoris
517 2368 633 2426 tamen
659 2353 818 2424 claritatis
843 2355 946 2446 gratia
964 2353 1121 2425 distincte
1139 2368 1397 2450 proponuntur.

352 2613 565 2662 tneuunnnmt
610 2609 785 2669 nonerunt:
840 2608 1127 2656 nonowtssrffllltun
1173 2612 1235 2656 CUM
1279 2611 1399 2662 ΛΒΒΑΤΕ

639 2756 667 2802 S.
697 2755 822 2802 MAXIMO
847 2756 1095 2803 DISPUTATIONES.

399 2979 566 3050 Solemnis
591 2978 678 3073 Typi
704 2975 961 3067 condemnatio,
989 2978 1148 3051 hortante
1174 2982 1209 3052 S.
1232 2981 1396 3070 Maximo,

352 3128 372 3172 a
398 3103 435 3172 S.
455 3101 599 3171 Martino
619 3100 839 3194 pronuntiata
854 3098 960 3170 finem
979 3101 1119 3195 quidem
1137 3102 1219 3175 fecit
1231 3105 1401 3198 iis,=quae

349 3227 385 3296 in
411 3219 601 3296 Honorium
627 3221 903 3310 adornabantur,
922 3225 1214 3316 accusationibus,
1236 3226 1297 3297 sed
1315 3226 1399 3296 hae-

350 3349 534 3418 reticorum
561 3348 597 3417 in
622 3358 786 3439 utrosque
802 3346 889 3415 viros
910 3348 1138 3419 sanctissimos
1155 3347 1248 3418 haud
1270 3373 1398 3443 parum

350 3469 530 3540 concitavit
566 3467 732 3538 furorem.
772 3465 808 3535 S.
835 3465 1020 3538 Martinum
1047 3462 1165 3556 enim,
1192 3472 1228 3540 in
1255 3470 1400 3542 vinculis

285 3643 290 3649 -
345 3594 565 3685 conjectum,
609 3587 939 3683 Constantinopolim
983 3590 1217 3683 perductum,
1247 3616 1287 3662 ao
1314 3591 1398 3664 falso

350 3713 470 3784 missae
485 3711 529 3782 ad
542 3711 726 3781 Saracenos
748 3710 913 3803 pecuniae
929 3712 1070 3782 crimine
1088 3726 1300 3802 accusatum,
1320 3727 1398 3783 tan·

347 3833 427 3906 dem
453 3835 489 3904 in
515 3832 655 3905 exilium
682 3831 961 3926 deportaverunt.
990 3833 1025 3903 S.
1054 3833 1242 3905 Maximum
1262 3848 1394 3924 autem,

348 3954 490 4025 vinculis
515 3955 668 4025 similiter
701 3953 945 4042 constrictum,
973 3957 1123 4048 primum
1151 3956 1396 4044 Constantino·

346 4073 475 4167 polim,
518 4075 642 4146 deinde
685 4077 792 4145 varios
833 4076 868 4142 in
907 4075 995 4145 exilii
1026 4076 1118 4148 locos
1149 4078 1393 4168 deduxerunt,

345 4193 430 4269 nihil
457 4195 585 4273 interea
605 4198 813 4276 intentatum
833 4193 1086 4300 relinquentes,
1109 4199 1202 4301 quod
1220 4224 1304 4272 eum
1321 4225 1396 4274 mo-
